3500 4450
426 548 256 271 D

679 545 1429 181 Amoiselle sapience sen ala oultre mer

712 712 1470 114 en pelerinage par devotiõ · cy ẽtra en une

434 801 1744 122 cite q̃ on appelle bethleem et rex juda a destre · la

460 908 1685 108 vit une maison ou moult de gens repairoient

423 1001 1700 107 ꝑquoy la maison estoit appelle diversoire · do

449 1097 1688 111 maiselle sadressa a celle maison et entra dedens

449 1197 1685 115 et vit en une ꝑtie ung lieu gaste aussi cõe une

449 1301 1666 115 estable · dedẽs trouva une cresche et une pucelle

445 1405 1681 108 apoyee a celle cresche qui regardoit dedẽs moult

445 1501 1674 115 ẽtẽtivemẽt sans regarder ailleurs et molt bien

428 1587 2103 115 sembloit quelle sesmerveillast de ce q̃lle veoit · Sapiẽ  la salua et

441 1683 1882 111 luy demanda q̃lle chose elle regardoit si ẽtendanmẽt ·

445 1780 1737 107 Celle respõdit et dist je regarde merveille · Et

445 1869 1815 129 celle saprouche p͛es et vit ung ẽfant qui gesoit

445 1980 1826 122 en la cresche sur ung peu de fain ẽvolope de petiz

419 2080 1770 104 drapeletz · Bel estoit lenfant aultres merveilles

441 2176 1733 108 ny apparoit · Lors demãda sapiẽ a lautre da

445 2265 1681 119 moiselle cõe elle avoit en nõ · Celle dist Je ay

449 2365 1711 112 nõ verite · Sapiẽ luy demãde damoiselle u͛ite

452 2466 1715 118 quel merveille veez voꝰ en cest enfãt qui gist

445 2569 1711 108 cy · Car il ny apꝑert merveilles par dehors nõ

434 2662 1770 111 plus quẽ ung aultre · Lors respondit verite ·

445 2762 1744 111 les merveilles qui sont en lẽfant ne serõt huy

437 2862 1704 112 dites car tant en ya q̃ on le doit appeller les

449 2959 1751 107 merveilleux sicõe dit ysaie · Et vocabitur nom̃

445 3055 1763 111 eiꝰ admirabilis · Sapiẽce dist damoiselle u͛ite

449 3159 1722 108 ap͛nes moy pour dieu les merveilles qͥ sont

452 3244 1752 208 en cest enfant petit qui naperẽ t mye · Verite

2505 278 133 126 86
