3500 4450
467 626 1782 163 Qui tost donne deux fois donne · Celuy don-

478 771 1782 115 ne tart qui donne a celuy qui prie · Plus eureux

467 867 1800 119 est le donneur · que le prieur · Benoite soit povre-

504 964 1726 115 te se dieu ne leust ainchois soufferte nous ne

493 1053 1704 122 la vousissemes souffrir · On doit amer aussi

471 1157 1830 111 bien ce que on na mye que ce que on a · Lavaricieux

467 1246 1745 118 est a aultry malvais et a luy pervers · Humble

463 1346 1756 122 doit estre confession par quoy on amende orgueil-

463 1446 1789 126 leuse deffaulte · Justes juge ne puet nul estre

463 1550 1674 115 qui a la fois soy mesmes ne se juge · A peu

456 1646 1800 115 est lomme mort qui ne doubte point quil morra ·

456 1739 1733 115 De tant est le pechie plus tost pardonne quil est fait

449 1831 1737 115 a mains de malice · En toutes adventures de

463 1932 1719 118 povrete tresgrans grietez est avoir este riches ·

449 2035 1725 115 Peu de chose souffit a nature et a avarice rien

456 2136 1681 107 ne suffit · Ce qui nous fait tresmauvais cest

445 2225 1848 114 que nous ne considerons nostre vie · Rien vouloir scavoir

456 2317 1711 111 est negligence · Et nient scavoir est ignorance ·

452 2417 1682 112 La ou on ne craint celuy qui reprent vient

445 2510 1767 119 le diable legierement et tost chiet on en pechie ·

449 2610 1699 123 Oste envie de toy et quanques tu as est tien ·

445 2710 1822 123 Orgueil oste dieu de luy · Envie oste son prois-

452 2807 1734 122 me · Se ne feust tien et myen tout le monde

452 2907 1678 115 feust en pais sans labeur · Com grant bien

400 3007 1771 111 est que de charite qui les biens du monde fait

415 3107 1756 115 estre miens · Dont ung bon a prouffit et ung

449 3204 1744 118 mauvais doumage · Tu ne peulx plus gre-

463 3293 1723 166 ver les envieux que vivre liement et faire bien ·
