3500 4450
493 578 1730 197 respont ꝑe na il se dieu nõ · Car il est filz au

478 745 1726 115 treshault roy sicõme lescripture dit · Et filius

471 830 1674 123 altissimi vocabitur · Sapiẽ  dist voulentiers

497 930 1644 115 oysse les conditiõ quil a de par son ꝑe · Car

486 1023 1733 122 celles sont 	m͛veilleuses qui sont de par sa mere ·

471 1119 1663 127 Verite respond · or entens et asavoir doncq̃z

486 1220 1744 122 ce q̃ je voꝰ diroy selon ce q̃ la saĩte escripture dit

478 1320 1760 126 de lenfant · Voꝰ veez bñ q̃ cest ẽfant est ẽvelopez

482 1424 1707 126 en petis drapiaux cõe povres · Non pourtãt il ẽ

493 1524 1715 129 le plꝰ riche · Car il est hoir de quãques il ya ou

508 1624 1678 126 ciel et en terre · Quẽ  constituit heredes uniu͛

475 1716 1685 119 sorũ · Ap͛s voꝰ veez q̃ cest enfant semble molt

478 1809 1693 123 simple · Non pourtãt cest la sapiẽ ce ꝑquoy le

486 1909 1752 134 mõde fut fait · Per quem fecit et scła · Ap͛s cest

486 2009 1796 119 ẽfãt apert autel cõe ung aultre et si est la resplẽ

478 2102 1663 130 deur et la beaute de dieu · Qd' sit spendor głie

478 2202 1711 119 et fig:a sbe eius · Et si veez q̃ il semble fieble cõe

463 2295 1711 148 ung aultre et si est il ꝑ dehors · Non pourtãt cest

482 2395 1663 141 celuy qͥ  porte tout le mõde ꝑ sa vertu · Portãs

463 2488 1663 133 oĩa u͛bo u͛tutis sue · Si veez q̃ il sẽble estre neez

471 2588 1711 126 en pechie cõe ung aultre · Nõ poͬtãt il espurge

475 2684 1670 126 et netoye de pechie toꝰ les aultres · Purgatiõez

471 2784 1726 123 pc̃crr faciens · Cy veez q̃ il gist en ceste e esta

471 2877 1733 145 ble mołt hũblemẽt · Nõ pourtãt il gist ou ciel

467 2981 1670 134 a la dextre de dieu le ꝑe treshaultemẽt · Sedet

471 3081 1763 141 ad dext͛am  majestatis ĩ excelsis · Sapiẽ

467 3181 1659 123 dist · oncq̃z mais telles merveilles navĩrent ·

471 3270 1700 175 Verite respond · poͬ ce ais a nõ merveilles · Car

2586 307 134 212 87.
