3500 4450
527 559 1647 223 mais le crucifirõt · Sapiẽ dist · cest dure chose

519 723 1670 155 de loir · et du faire · Apres dirõs noꝰ de la bouche

512 826 1662 149 savoureuse qui maĩtenĩt quiert la mamelle ·

515 927 1671 141 mołt voulẽ tiers en oiree la u͛ite · Verite dist · et

527 1023 1718 137 je le te diray car il apꝑartient a moy · Ceste bouchete

493 1112 1785 152 si est sur toutez aultres et sera gracieuse u͛tueuse

497 1223 1689 145 savoureuse · Si gratieuse q̃ on sesmerveillera des

497 1327 1666 126 gracieuses ꝑolles qui ystront de luy car oncq̃z

478 1424 1726 133 nul hõe ne ꝑla ainsi · Nũqͣ, sic hõ locutus est et

493 1527 1711 130 mirabãtur de u͛bis gr̃e · Sur toutes autrez est

486 1624 1766 141 et a u͛tueuse · Car a sa voix toute creature obey

486 1720 1707 134 ra · la tempeste de la mer et les vens cesseront ·

482 1805 1685 145 les mors resusciteront · les anemis senfuyront ·

463 1909 1771 152 Sap̃ie dist · moult a p͛cieuse bouche · Verite dist ·

460 2006 1696 130 Aussi est elle savoureuse sur toutes les aultres

452 2110 1797 115 et doulce · Car de sa salive les aveugles rẽlumine

463 2199 1719 140 ront et les muez la ꝑolle raront · et de loudeur

452 2299 1771 148 de sa bouche les apostres le saint esꝑit en signi

452 2391 1715 141 fiance de feu recepuerõt · Sapĩe sescria · O cõme ẽ

445 2492 1711 126 bien euree la mere qui telle bouche alaite · Et

452 2584 1737 134 qui souvẽt sent loudeͬ Divine de si bel ẽfãt

449 2688 1737 130 et qui baisier peust ceste doulce bouchette sa

456 2784 1808 141 uoureuse quãt elle veult · Verite dist ceste bou

456 2881 1678 145 chette aura fain et soif et si sera abreuee de

426 2977 1704 149 trois amers breuages · Sapĩe dist si est elle

437 3077 1704 145 bien Digne que on luy porte hõneͬ · Mais poͬ.

456 3178 1748 144 dieu dites moy des yeulx Joesnes et plaisãs

467 3274 1715 174 quẽ  a il · Verite dist · il sont ⁊ seront de telle

2638 318 141 115 88
