3500 4450
1276 552 1696 204 u͛tu que ꝑ leur doulx regard tant seullemẽt cõ

1276 723 1708 137 vertirõt les pecheurs ·  ¶Exemplũ ĩ petro quẽ

1265 808 1815 163 respexit dñs et egressus est foras et flevit amare ·

1254 927 1744 118 Et nõ obstant il pleurerõt encore en la fin ne

1254 993 1889 156 point de cõfort au monde ne trouverõt q̃ tantes

1269 1097 1819 149 fois les aultres cõforteront · Sapĩe dist cest grãt

1261 1205 1782 152 pitie · mais De la face saroye uoulentiers que

1265 1312 1737 145 ce sera · Verite dist la face de cest enfant sera

1276 1416 1708 141 plaine de larmes · Et si sera mõtree encore en

1276 1516 1674 141 son vivãt aussi cõe est le solail et aussi belle ·

1273 1613 1751 141 Les angres de ꝑadis desirent a regarder la face

1276 1705 1708 145 de cest enfant · In quem angeli ꝓspic͛e · Et nõ

1276 1805 1726 145 pourtãt aulcũs ne resongnerõt pas a ferir ne

1284 1894 1722 156 a crachier a Icelluy visage q̃ les angres ont tãt

1287 1995 1674 137 chier · Sap̃ie dist or voy Je bñ q̃ cest ẽfant est

1276 2095 1741 141 sur toꝰ les aultres 	m͛ueilleux · Verite respond q̃

1306 2187 1730 152 por ce est il appelles lesmerveilleux · Sapĩe dist

1276 2291 1726 145 voulentiers orroye Je de uoꝰ pour quoy se gentil

1291 2391 1782 145 ẽfant et bñ eure aura tant a souffrir · Car chũn

1299 2488 1681 130 le deueroit aourer et servir · Verite dist il fera

1302 2584 1667 145 offrendre a la Justice de dieu de soy mesm̃ pour

1302 2684 1704 138 recorder ses eslis · La q̃lle offrande sera si p͛cieuse

1299 2770 1781 167 deuãt dieu poͬ la dignite de sa ꝑsonne et pour sa

1295 2877 1711 149 grãt charite q̃ dieu ne le pourra ne ne uouldra

1306 2977 1715 152 refuser · Et loffrande sera faitte au Jour q̃ pour

1284 3077 1740 152 lonneͬ de dieu et poͬ le tesmoignage de verite

1325 3178 1666 152 il souffrera voulẽtiers la mort q̃  les mauvais

1336 3278 1674 196 ẽvieux luy dourrõt qui ꝑ envie loccirõt · Sapĩe
