3500 4450
1291 578 1733 197 manne qui toꝰjours asavoure et ne peult appe

1258 686 1681 185 tissier la est rassasiee lame de toutes choses

1265 834 1667 126 en regardant la maieste divine qui ẽ ẽplis

1276 930 1704 134 semẽt de tous desirs · On doit bñ estudier par re

1261 1019 1678 149 garder celuy qui est le tresbel peu cõgneu · Le

1269 1123 1781 137 doulx mal assavoure · le riche mal servi · le sage

1269 1220 1718 148 mal creu · le trespuissãt peu doubtez · le bel peu

1269 1327 1785 152 hõnore · le courtois peu festies · Le sage peu mercies.

1269 1427 1685 141 le tres misericors peu prises · le loyal peu loes ·

1269 1527 1781 141 le debõnaire peu aidie · le tres amiable peu ames ·

1273 1624 1763 152 Qui lõguemẽt y pẽseroit · en pẽsant le desireroit ·

1280 1724 1689 130 en desirãt le sẽtiroit · en sentãt se deliteroit · en

1276 1813 1685 141 delictant sesjoiroit · en esjoissãt languiroit · en

1284 1917 1703 137 lãgissant navres seroit · navre damours sy se

1295 2017 1373 141 mourroit · mort adieu · si se reposeroit ·

1499 2113 1228 134 ¶Auctorites De pluseurs docteurs ·

1287 2195 160 163 S

1458 2187 1500 156 aint augustin dit q̃e cest vraye penitãce

1287 2306 1659 141 quãt ceͬ dõme porte doulcemẽt en pacience

1291 2403 1667 148 toutes les choses qui luy peust grever · Car

1295 2503 1692 141 mieulx vault ung ceur doux et debõnaire

1295 2599 1707 145 que ne fait vestir ne sac ne haire · Nulz ne

1295 2692 1722 148 puet estre abel se il na cayn a frere · Indigne

1291 2792 1819 145 ẽ la u͛tu destre appellee u͛tu se elle nest ẽluminee

1302 2888 1715 145 du cõtraire · Saint Jehan en lapocalipse dit q̃

1302 2992 1763 130 ung net ceur est apparlie a tout souffrir · Saĩt

1302 3089 1737 148 ãbroise dit q̃ aussi tost cõe une estincelle seroit

1306 3189 1744 152 estainte en la mer sont toꝰ les pechies q̃  hõme

1310 3285 1811 200 pecheur pourroit faire ꝑdõnez lors quil est vray
