4960 6960
1293 904 1392 169 que le debonnaire Ihũcrist vint cou

1299 1020 1375 151 chier auec lui en samblance dun en

1293 1131 1445 150 fant et fist samblant de dormir deco

1293 1229 1416 145 ste lui. Et le moine auoit si grant

1293 1328 1369 151 paour quil ne lesueillast quil ne

1299 1409 1404 162 sosa onques remouuoir toute celle

1305 1519 1357 145 nuit ne soy leuer pour aler aux

1311 1606 1403 151 matines a ce bon iour. Quant il

1293 1722 1410 139 fu leue au matin son abbe lui de

1305 1809 1409 151 manda pour quoy il nauoit point

1311 1914 1421 145 este aux matines a si haulte solen

1322 2001 1450 145 nite. En nom dieu sire dist lenfant

1305 2111 1473 139 pour ce que ie vous oy hier preschier

1305 2204 1404 133 que qui feroit bien son lit nr̃e

1293 2291 1416 139 venroit couchier auec lui Ialai in

1305 2389 1351 145 continent faire mon lit et parer

1305 2459 1427 174 au mieulx que ie peux Et voirem̃t

1311 2581 1415 121 il vint couchier auec moy et y a

1311 2656 1438 168 dormi Iusques a ce matin. Et poͬ ce

1305 2772 1328 157 que sa compaignie me plaisoit

1328 2836 1433 168 moult afin aussi que ie ne lesueil

1305 2946 1427 157 lasse ie ne mosay leuer pour aler

1305 3050 1491 140 aux matines et si les oy bien sonner

1293 3155 1462 139 Labbe et les moines loerent moult

1311 3248 1253 139 la bonne simplesse du moine.

1299 3335 1386 150 Example dun abbe qui ne scauoit

1311 3439 1351 151 tant donner aux poures quil ne

1287 3538 679 145 fust plus riche

1305 3648 1317 145 n abbe fu moult aumosnier

1311 3741 1386 139 qui donnoit volentiers aux poures

1316 3833 1346 140 pour lamour de nostre seigneur

1305 3932 1392 128 et tant ne scauoit donner quil ne

1299 4019 1328 157 fust plus riche et laissa labbaie

1305 4135 1380 116 riche et en bon estat a son trespas

1293 4210 1450 145 Lautre abbe qui fu apres lui con

1299 4309 1404 122 tendi demplire ses greniers et les

1305 4396 1322 145 celiers de labbaie et ne voloient

1299 4495 1421 150 riens donner aux poures Aduint

1305 4582 1473 156 que les annees furent brehaignes

1316 4698 1474 127 et faillirent les biens sur les terres

1311 4785 1293 139 de labbaie Ainsi deuint labbe

1316 4854 1393 174 poure et labbaie et a peu auoiẽt

1311 4982 1438 127 ilz de quoy viure. Un poure vint

1305 5063 1444 151 un iour au portier de celle abbaie

1311 5144 1467 284 et lui dist que iamais celle abbaie

3063 904 1351 145 ne seroit riche Iusques ad ce que

3045 1009 1404 156 deux moines qui sen estoient alez

3039 1119 1335 151 fussent reuenus. Le portier lui

3051 1223 1299 134 demanda cõment on nommoit

3057 1322 1346 139 ces deux moines. On apelloit dist

3057 1403 1357 151 le portier lun date et lautre dabitͬ

3051 1508 1404 162 Certes dist le portier qui nentendoit

3063 1612 1363 145 point latin ie ne vey onques ceens

3063 1711 1340 133 moines quon nõmast ainsi et si y

3057 1798 1398 150 ay long tamps demoure Assez tost

3057 1908 1340 145 apres le portier conta ceste chose

3063 2006 1287 122 a labbe Haa las dist labbe ie

3063 2082 1334 145 croy vraiement que cil dist voir.

3057 2192 1375 128 Mon deuancier fu sage et donnoit

3057 2291 1305 121 aux poures largement et dieu

3057 2360 1346 151 lui donnoit toudis assez ie sui fol

3057 2482 1363 133 qui ne leur donne rien. Et pour ce

3057 2569 1305 128 dieu ne me donne riens et a bon

3051 2650 1317 157 droit de puis la en auant Icelui

3063 2772 1264 128 abbe se mist a faire aumosnes

3057 2853 1317 151 pour lamour de dieu et lors in

3057 2958 1375 139 continent labbaie deuint en bonne

3063 3045 1334 139 prosperite et richesse. Alexample

3051 3137 1299 145 du puichs ou de la fontaine car

3051 3236 1340 151 de tant cõme plus souuent on y

3051 3306 1363 162 puise de tant vault mieulx leaue.

3045 3416 1300 168 Ainsi croist lauoir en departant

3051 3538 1323 139 aux poures et si en vault mieulx

3039 3625 1265 150 le demourant Et si fait on ce

3045 3723 1242 139 quon doit Car quiconques a

3051 3799 1270 168 oultre la neccessite de son estat

3039 3886 1340 179 sil nen departist aux poures nr̃e

3045 3990 1346 174 seigneur lui en demandera cruel

3051 4123 325 128 ment.

3034 4199 1322 145 une abbesse doit estre pure et nette

3057 4303 870 122 de corps et de pensee.

3045 4361 1311 186 n treuue en la vie des peres

3039 4477 1311 163 que une abbesse fu qui tres fort

3051 4582 1369 133 fu temptee par lespace de xiii. ans

3034 4669 1380 150 de lesperit de fornication mais elle

3034 4761 1316 169 prioit toudis a nostre seigneur

3034 4860 1311 145 quil lui vousist donner force de

3045 4959 1352 150 resister a sa temptation non pas

3039 5040 1422 168 quil lui hostast En fin ce mauuais

3034 5133 1386 261 esperit de fornication sapparu a elle
