4960 6960
1299.0 904.0 1450.0 157.0 ceste chose et elle lui dist ce quelle en

1287.0 1032.0 1456.0 139.0 scauoit tout ainsi cõme la chose estoit

1293.0 1125.0 1462.0 145.0 aduenue. Ilz en demenerent tous deux

1299.0 1218.0 1357.0 139.0 moult grant dueil. Et firent leur

1287.0 1322.0 1340.0 133.0 priere a nostre seigneur quil leur

1276.0 1409.0 1438.0 151.0 vousist reueler qui estoit lõme qui

1287.0 1513.0 1520.0 128.0 ainsi les auoit deceux. Si ne demoura

1276.0 1612.0 1473.0 151.0 gueres apres que leur voisin fu pos

1282.0 1705.0 1427.0 151.0 sesse du deable et sen ala a leglise

1287.0 1809.0 1427.0 139.0 tout demoniaque sesgratinoit et des

1282.0 1908.0 1421.0 139.0 chiroit tout son corps et hurtoit sa

1282.0 1995.0 1380.0 156.0 teste contre les murs de leglise. Et

1293.0 2088.0 1392.0 150.0 ainsi en soy tourmentant il moru

1293.0 2186.0 1392.0 163.0 miserablement deuant tous ceulx

1282.0 2285.0 684.0 133.0 qui la estoient.

1293.0 2401.0 1485.0 122.0 Aucuns oiseaulx ont abhomination

1293.0 2488.0 841.0 139.0 du pechie dadultere

1299.0 2569.0 1369.0 186.0 esaire raconte quen la court dun

1293.0 2679.0 1340.0 122.0 cheualier auoit un nyt de cicoignes

1293.0 2772.0 1317.0 128.0 dont la femelle cõmectoit souuent

1293.0 2853.0 1311.0 134.0 adultere en labsence de son masle

1299.0 2958.0 1340.0 145.0 tandis quil estoit en pasture. Et si

1293.0 3056.0 1416.0 145.0 tost cõme elle auoit cõmis le pechie

1293.0 3149.0 1479.0 128.0 elle sen aloit lauer en un floz qui estoit

1299.0 3248.0 1392.0 139.0 la pres. Le cheualier qui regardoit

1299.0 3346.0 1398.0 145.0 toutes ces choses voult scauoir pour

1299.0 3439.0 1381.0 133.0 quoy celle femelle sen aloit ainsi

1299.0 3549.0 1456.0 134.0 lauer a ce floz si tost cõme elle auoit

1299.0 3642.0 1410.0 122.0 cõmis son pechie Si fist ce floz cou

1299.0 3712.0 1462.0 174.0 urir despines. Aduint cõme autre foiz

1305.0 3828.0 1456.0 133.0 quant elle eut cõmis son pechie et elle

1311.0 3932.0 1369.0 128.0 ala pour soy baignier elle ne peut

1305.0 4025.0 1375.0 139.0 entrer en leaue pour les espines et

1311.0 4123.0 1398.0 128.0 tandis son masle reuint et cõgnut

1218.0 4205.0 1444.0 133.0 Incontinent que sa femelle auoit

1305.0 4315.0 1433.0 133.0 cõmis adultere. Ce congnut il poͬ ce

1299.0 4402.0 1381.0 133.0 quelle ne se laua point. Lors il la

1305.0 4495.0 1496.0 139.0 cõmenca a becquier quanques il peut

1299.0 4582.0 1514.0 133.0 mais quant il vey quil ne la pouuroit

1305.0 4692.0 1369.0 133.0 occirre tout seul il sen vola et au

1299.0 4779.0 1508.0 127.0 chief dune heure il reuint et amena

1311.0 4872.0 1421.0 145.0 auec lui grant plente de cicoignes

1311.0 4970.0 1456.0 145.0 et assaillirent toute celle meschant

1299.0 5075.0 1479.0 133.0 femelle et loccirent voians pluseurs

1299.0 5179.0 1601.0 203.0 gens qui ce regardoient Se les oiseaulx

3057.0 881.0 1270.0 174.0 ont abhomination du vil pechie

3057.0 1026.0 1351.0 151.0 dadultere doncques le doiuent bien

3063.0 1131.0 1015.0 139.0 auoir gens raisonnables.

3034.0 1212.0 1386.0 156.0 Une fẽme adultere doit estre repu

3057.0 1322.0 713.0 122.0 diee de son mari.

3080.0 1380.0 1334.0 157.0 n treuue es gestes de saint gen

3057.0 1519.0 1305.0 139.0 dulphe quil acheta une fontaine

3063.0 1612.0 1282.0 128.0 en france et tantost cõme il leut

3068.0 1711.0 1288.0 150.0 achetee il lenuoia soudainement

3063.0 1803.0 1305.0 128.0 en son iardin en bourgoingne qui

3057.0 1908.0 1311.0 145.0 fu chose de grant merite et mer

3068.0 2006.0 1271.0 128.0 ueilleuse. Et ainsi cõme saint

3063.0 2105.0 1334.0 139.0 gendulphe se seoit un iour en son

3010.0 2169.0 1404.0 162.0 Iardin delez sa fontaine et sa fẽme

3063.0 2291.0 1305.0 133.0 qui estoit adultere estoit auec lui

3039.0 2383.0 1375.0 140.0 Le saint hõme la redarguoit de son

3057.0 2476.0 1386.0 139.0 pechie et celle le nyoit. Se tu veulx

3057.0 2563.0 1288.0 157.0 dist il que ie te croye boute ton

3057.0 2673.0 1293.0 134.0 bracs en ceste fontaine et pren

3034.0 2760.0 1328.0 134.0 une pierrecte au fons se tu len

3051.0 2859.0 1357.0 145.0 peux retraire sain ie croiray que

3057.0 2946.0 1334.0 133.0 tu mas dit verite. Sa fẽme le fist

3022.0 3045.0 1392.0 139.0 volentiers mais elle en fu pugnie.

3057.0 3143.0 1253.0 134.0 Car si tost cõme elle bouta son

3057.0 3236.0 1392.0 162.0 bracs en la fontaine Iassoit ce quelle

3057.0 3329.0 1404.0 168.0 fust froide de sa nature toutesuoies

3063.0 3422.0 1380.0 162.0 son bracs fu brusle cõme selle leust

3063.0 3538.0 1340.0 139.0 boute en un feu. Adont lui dist son

3063.0 3636.0 1305.0 128.0 saint mari. Ores apert maintenant

3063.0 3723.0 1334.0 139.0 la verite de ton pechie. Et pour ce tu

3063.0 3816.0 1311.0 133.0 ne seras plus ma compaigne. Lors

3063.0 3915.0 1282.0 145.0 il lui departi et bailla la moitie

3063.0 4013.0 1311.0 139.0 de leur cheuance et demoura tout

3063.0 4083.0 1363.0 174.0 seul. Ne demoura gueres apres que

3068.0 4199.0 1288.0 139.0 le clerc qui maintenoit sa fẽme

3068.0 4303.0 1265.0 151.0 occist le saint hõme en dormant

3057.0 4390.0 1340.0 139.0 en sa maison pour le saint hõme

3057.0 4483.0 1357.0 162.0 fist nostre seigneur de beaulx mira

3057.0 4587.0 1334.0 145.0 cles. Quant sa fẽme loy dire elle

3063.0 4657.0 1351.0 157.0 ne sen fist que gaber et disoit Cest

3063.0 4773.0 1369.0 139.0 dist elle aussi vray que gendulphe

3063.0 4877.0 1351.0 157.0 fait miracles cõme il est vray que

3080.0 4964.0 1328.0 151.0 mon cul chante disoit oultre. Chan

3068.0 5034.0 1387.0 174.0 tes mon cul gendulphe fait miracles

3039.0 5156.0 1393.0 191.0 Apeu eut elle fine sa parole quant
