4960 6960
1293 904 1398 151 Ung abbe ne doit point estre esleu

1398 1015 870 133 par affection charnelle

1340 1078 1386 169 ubert raconte en son liure quil fist

1328 1206 1398 139 du bien de cremeur que un abbe a son

1340 1293 1479 133 trespas requist a ses moines quilz feis

1345 1409 1462 133 sent abbe de son nepueu apres sa mort

1340 1496 1380 122 Ainsi fu fait. Ainsi cõme ce nouuel

1345 1583 1410 145 abbe gambioit un iour en son iardin

1340 1687 1386 140 deles une fontaine qui y estoit. Il oy

1340 1780 1392 134 dedens la fontaine une voix dune

1345 1873 1433 145 personne qui moult dolereusement

1345 1983 1416 134 se complaignoit et gemissoit Il la

1340 2076 1322 128 coniura ou nom de dieu quil lui

1322 2157 1421 168 deist qui il estoit. Helas dist il Ie

1340 2267 1340 145 sui la poure ame du maleureux

1340 2366 1374 133 ton oncle qui sui icy arse a grant

1334 2453 1357 139 tourment pour ce seulement que

1282 2540 1456 151 Ie tay fait faire abbe de ce lieu par

1334 2656 1357 133 amour et affection charnele que

1293 2743 1508 145 Iauoie a toy. Cõment dist son nep

1334 2842 1456 121 ueu se pourroit il faire que tu arsis

1322 2934 1404 140 ses en une froide fontaine Vaten

1328 3050 1386 122 dist sa uoix a leglise et aporte cy

1328 3137 1352 128 un chandelier de coiure . Cil y ala

1328 3230 1404 134 et laporta et iecta le chandelier en

1328 3323 1381 145 la fontaine. et lors soudainement

1322 3422 1421 139 il fu tout fondu cõme cire en eaue

1316 3526 1480 133 boullant. De ceste chose fu le nouuel

1328 3625 1433 133 abbe si espoente quil renonca a son

1334 3723 1444 128 abbaie et vesqui depuis solitairem̃t

1328 3816 1462 157 et saintement et onques puis il noy

1322 3915 441 133 celle voix.

1299 4002 1468 150 Ung abbe ne doit point donner les

1340 4100 1531 163 biens de labbaie a ses amis charnelz

1543 4199 1206 145 esaire raconte que un abbe fu

1328 4297 1433 134 en leglise de saint penthaleon en la

1334 4390 1427 128 cite de coulongne qui par pluseurs

1328 4483 1485 139 fois donna a un marchant qui estoit

1334 4576 1404 139 son frere de largent de labbaie. Son

1322 4680 1479 134 frere qui ne beoit a nul mal mectoit

1334 4773 1369 133 cel argent auec le sien en sa mar

1334 4872 1357 145 chandise mais il ne scauoit tant

1345 4976 1410 133 sagement marchander que toudis

1345 5063 1364 128 il ne perdist tout Labbe le blasma

1340 5150 1485 186 de ce quil perdoit ainsi le sien. Lautre

3109 904 1398 163 sexcusa et lui dist qu il ne scauoit dont

3109 1015 1433 156 ce pouoit venir Car Je viz dist il moult

3109 1107 1334 174 estroitement et si fay la plus grant

3109 1206 1340 145 diligence que ie puis pour gaignier.

3126 1310 1323 140 mes compaignons prouffitent asses

3115 1392 1322 156 et ie pers toudis le mien et ne scay

3115 1490 1305 157 cõment Finablement ce marchant

3115 1589 1317 151 sen ala confesser a un sage prestre

3121 1682 1357 145 et deuot et lui conta sa male aduen

3126 1780 1346 139 ture. Le prestre lui dist que voirem̃t

3109 1867 1305 139 a bon droit il perdoit le sien et que

3115 1966 1346 145 largent que labbe son frere lui bail

3109 2070 1357 128 loit estoit larrecin et que cel argent

3103 2157 1369 157 lui faisoit perdre le sien quil melloit

3103 2273 1329 139 en samble et lui conseilla quil nen

3103 2366 1329 128 preist plus et quil marchandast de

3115 2465 1328 150 son argent quelque peu quil en eut

3103 2557 1294 122 et que de ce quil en gaingneroit il

3109 2656 1265 128 rendist a labbaie la moitie de son

3103 2749 1329 127 gaing iusques il aroit tout vendu

3109 2859 1340 128 et quil se vesquist de lautre moitie

3103 2940 1323 139 Cil le crut et fist tout ainsi cõme le

3103 3039 1276 139 prestre lui conseilla. Et en brief

3103 3137 1300 134 tamps il deuint tant riche quil re

3103 3224 1288 151 stitua a celle abbaie tout ce qu il

3103 3329 1265 145 en auoit eu darent et demoura

3103 3422 1300 133 riche. Et raconta toutes ces choses

3103 3514 1305 151 a labbe son frere et lui conseila qͥl

3103 3619 1323 162 feist penitance du pechie quil auoit

3103 3735 1311 127 cõmis en donnant les biens de son

3103 3828 308 110 abbaie.

3086 3880 1398 168 ung abbe se doit hũblemẽt habituer

3254 3996 1178 145 n abbe de lordre de cistiaux ala

3103 4112 1334 133 une fois deuant phelippe le roy des

3103 4210 1352 134 rõmains pour requerre le roy dauai

3103 4292 1346 127 nes besõngnes. Quant ce poy eut oy

3103 4373 1352 151 cel abbe parler il regarda quil estoit

3109 4471 1404 169 moult mignotement et estroit chaus

3092 4576 1351 151 sie par les pies si lui demanda dont

3103 4674 1323 145 il estoit. Sire dist labbe ie sui dune

3092 4773 1316 128 telle maison qui est moult poure.

3092 4872 1334 133 voirement dist le roy apert il bien

3097 4970 1317 134 clerement par uoz sollers que vous

3097 5051 1259 157 uenez de poure lieu. Le cuir y est

3097 5156 1282 220 moult chier car voz sollers sont
