4960 6960
643.0 933.0 1358.0 122.0 tous ses Instrumens mais auant

643.0 1020.0 1370.0 140.0 quil uenist en cel estrange pays il des

638.0 1107.0 1357.0 163.0 pendi tout ce quil auoit onques as

643.0 1212.0 1399.0 151.0 samble. Le premier Jour quil y vint

638.0 1305.0 1392.0 139.0 Il gaigna beacop dargent si sen ala

638.0 1403.0 1467.0 151.0 moult ioyeux au maisel pour acheter

638.0 1496.0 1398.0 133.0 de la char Mais il la trouua si chiere

632.0 1595.0 1421.0 139.0 et tous les autres viures que a tres

632.0 1687.0 1357.0 134.0 grant paine pouoit il gaigmer ce

632.0 1792.0 1369.0 139.0 quil despendoit et ne pouoit rien

638.0 1879.0 1392.0 145.0 espargnier si se repenti dauoir lais

632.0 1983.0 1421.0 151.0 sie son pays et y retourna atresgrãt

638.0 2088.0 1427.0 139.0 paine et a peu de prouffit Et poͬ ce

632.0 2169.0 1363.0 156.0 dist on cõmunement que grant

638.0 2279.0 1421.0 133.0 couuoitise fait a la foiz petit mont

626.0 2372.0 1439.0 139.0 Et si aduient souuent que ce quon

620.0 2465.0 1375.0 156.0 gaigne legierement est a la fois

632.0 2569.0 574.0 139.0 tost despendu.

632.0 2656.0 1340.0 151.0 Example au propoz de gloutonnie

643.0 2766.0 1393.0 116.0 esaire raconte dun pelerin qui

626.0 2847.0 1334.0 163.0 trouua une foiz en un hostel si bon

614.0 2929.0 1387.0 162.0 vin quil engaiga la robe de pelerin

620.0 3039.0 1433.0 139.0 quil auit vestue pour boire large

620.0 3132.0 1329.0 145.0 ment et tant beut quon cuidoit

620.0 3224.0 1369.0 151.0 quil fust mort. Cõme il estoit en

620.0 3323.0 1404.0 168.0 ce point langele print son esperit

620.0 3422.0 1404.0 156.0 et le mena au lieu des tourmens

609.0 3509.0 1398.0 168.0 Ou il vey lucifer assis en un mes

614.0 3630.0 1428.0 134.0 chant habitacle deboys Et tantost

614.0 3729.0 1439.0 128.0 apres il vey amener en ce lieu lab

614.0 3828.0 1399.0 133.0 be de corbie et vey que lucifer lui

609.0 3920.0 1398.0 128.0 fist grant chiere et puis il lui fist

620.0 4019.0 1387.0 122.0 donner a boire souffre ardant. Et

614.0 4106.0 1364.0 157.0 si tost quil eut beu il le fist Jecter

614.0 4210.0 1352.0 145.0 en un puich tout plain de terrible

603.0 4280.0 1334.0 157.0 feu. Le pelerin qui ce regardoit

609.0 4390.0 1409.0 157.0 auoit moult grant paour Et lors

609.0 4495.0 1450.0 121.0 il oy lucifer qui sescria. Amenez moy

609.0 4570.0 1392.0 168.0 dist il ce maistre beuueux qui hier

603.0 4680.0 1415.0 145.0 soir engaiga sa robe pelerine pour

609.0 4785.0 1479.0 127.0 boire Iusques a yure. Le pelerin pria

603.0 4883.0 1433.0 139.0 moult humblement a celui qui la

603.0 4976.0 1433.0 145.0 lauoit mene quil le vousist preser

603.0 5075.0 1421.0 139.0 uer de ces tourmens et le remener

597.0 5173.0 1508.0 215.0 en son lieu sauluement et ie te promez

2378.0 904.0 1381.0 157.0 dist il que jamais a oultrage ne beu

2384.0 1032.0 1380.0 151.0 ueray. Si tost cõme il eut ce dit il ses

2378.0 1119.0 1427.0 151.0 ueilla et retint en sa memoire le jour

2372.0 1223.0 1387.0 122.0 et leure quil auoit veu celle vision ⁊

2366.0 1299.0 1503.0 174.0 trouua depuis que labbe de corbie estoit

2372.0 1426.0 1334.0 128.0 mort au jour et a leure quil auoit

2372.0 1519.0 1363.0 151.0 veu celle uision Cest trop perilleux

2384.0 1629.0 1305.0 134.0 pechie et bestial que de yuroigne.

2378.0 1711.0 1421.0 133.0 n deable tempta une fois un saint

2378.0 1809.0 1427.0 151.0 hõme moult aigrement Et le saint

2372.0 1914.0 1421.0 139.0 hõme y resistoit a son pouoir Le dea

2384.0 2001.0 1392.0 139.0 ble luy dist un Jour quil ne le laisse

2378.0 2105.0 1473.0 116.0 roit jamais en paix sil ne choisissoit

2366.0 2175.0 1445.0 168.0 de trois pechies le quel quil uorroit

2366.0 2285.0 1381.0 151.0 Et lui promist que si tost cõme il

2366.0 2389.0 1393.0 134.0 en aroit un choisi lamais plus ne

2372.0 2482.0 1456.0 139.0 le tempteroit Il lui mist achoiz mur

2366.0 2569.0 1340.0 145.0 dre luxure ou glontonnie. Le bon

2361.0 2668.0 1392.0 145.0 hõme choisi pour le mendre le pe

2372.0 2766.0 1404.0 139.0 chie de gloutonnie . Asses tost apres

2361.0 2865.0 1438.0 151.0 Il ala veir une sienne cõmere et fist

2366.0 2969.0 1340.0 145.0 si bonne chiere auec elle quil fu

2366.0 3050.0 1451.0 140.0 yure. Et lors quil fu yure il pria

2366.0 3143.0 1381.0 134.0 sa cõmere de folie et tant ala la

2372.0 3248.0 1474.0 145.0 besongne quil coucha auec elle char

2366.0 3358.0 1439.0 139.0 nelment. Quant il fu hors de son

2349.0 3445.0 1473.0 145.0 vin et il pensa a ce quil auoit fait

2361.0 3555.0 1467.0 157.0 Il eut si grant vergoigne et si grant

2361.0 3654.0 1380.0 139.0 paour que son pechie ne fust sceu

2355.0 3746.0 1398.0 122.0 quil occist sa cõmere . Et ainsi par

2314.0 3833.0 1474.0 134.0 un pechie il enchey en tous les trois

2337.0 3926.0 1462.0 157.0 Gloutonnie est un perilleux pechie.

2349.0 4025.0 1352.0 139.0 Car il nest si sage hõme ajeun

2355.0 4118.0 1427.0 150.0 quil ne soit hors du sens quant il

2349.0 4216.0 1456.0 151.0 est yure. et lors quil est yure il est

2349.0 4315.0 1398.0 139.0 tabernacle au deable Cest grant

2361.0 4425.0 1409.0 116.0 peril de consentir a un pechie mor

2355.0 4500.0 1444.0 145.0 tel quelque petit quil samble Car

2355.0 4599.0 1404.0 128.0 il est moult grant et grief. Cõme

2349.0 4686.0 1433.0 168.0 pechie soit de telle nature que lun

2337.0 4773.0 929.0 162.0 pechie atrait lautre.

2337.0 4860.0 1294.0 174.0 Example au propoz de humilité

2668.0 4988.0 1085.0 139.0 eraclides raconte quil eut

2668.0 5086.0 1096.0 139.0 jadis en un monnastere de

2662.0 5173.0 1050.0 197.0 nonnains une nonnain
