4960 6960
672 910 1364 139 moult estrois. Labbe congnut sa

667 1003 1398 157 deffaulte et fu tout confus de celle

672 1107 378 145 response.

661 1212 1462 127 Simplesse dun abbe prouffite plus que

672 1310 1555 128 aucuneffoiz q̃ ne fait soubtillite ou cautelle

684 1392 1363 150 esaire raconte dun abbe de cler

678 1496 1393 122 uaux qui eut nom pierre hõme de

667 1583 1450 145 grant simplesse et dist que cest abbe

672 1682 1370 145 a la une fois a une journee quil

672 1774 1433 134 auoit Deuant iustice pour les besoi

661 1879 1444 122 gnes de son abbaie contre un cheua

667 1966 1346 145 lier qui auoit a labbaie tollu un

667 2053 1404 151 heritage. Il mena auec lui un de

667 2157 1467 139 ses moines et alerent de pie eulx

667 2262 1334 145 deux sans plus Et le cheualier

667 2349 1427 133 uint acompaignie de grant plente

661 2441 1398 134 de ses amis. Quant la cause fu

667 2540 1438 145 apellee labbe se leua et dist au che

667 2627 1380 145 uasier. Tu es dist il hõme crestien

667 2731 1357 140 se tu veulx affermer en parole de

667 2830 1433 139 uerite que leritage que tu as tollu

667 2923 1380 145 a labbaie soit tien Ie te croirai et

672 3010 1352 139 nen parlerai iamais Quant le

667 3103 1380 133 cheualier oy labbe ainsi parler il

661 3213 1497 133 fu moult ioieux et lui sambla bien

672 3317 1399 145 quil auoit leritage gaignie il af

672 3404 1509 157 ferma que voirement leritage estoit

667 3509 1357 127 sien cõme cil qui ne scauoit que

672 3607 1474 139 cestoit de uerite. et qui ne lui chaloit

672 3706 1422 139 mais quil peust obtenir en sa que

667 3793 1438 133 rele. Labbe lui acorda cel heritage

667 3886 1392 145 et sen retourna a labbaie. Quant

667 3996 1502 145 le cheualier fu retourne en sa maison

672 4106 1422 116 il nonca a sa fẽme cõment par son

667 4170 1438 145 serement il auoit gaignie cel heri

667 4274 1467 145 tage. Sa fẽme en fu toute espoentee

667 4361 1438 139 et lui dist haa dist elle tu as faus

672 4466 1416 133 sement ouure contre le saint abbe

678 4558 1381 145 qui sest atendu a ta parole. Croy

672 4651 1433 151 que dieu en prendra uengence Et

667 4761 1380 128 tant quest a moy vraiement ie

667 4854 1456 139 ne seray iamais en ta compaignie

638 4947 1438 157 Iusques ad ce tu aras rendu tout

672 5051 1335 134 ce que tu tiens a tort des biens

678 5133 1416 232 de celle abbaie. Tant dist la dame

2424 887 1387 174 a son mari quelle le conuerti. Et

2419 1020 1496 151 sen ala le cheualier a cleruaux rendi

2424 1119 1323 133 a labbaie tout ce quil lui auoit

2424 1200 1422 163 tollu et requist pardon du traueil

2424 1328 905 133 quil leur auoit fait.

2395 1386 1369 168 Ung abbe doit complaire a ses freres

2419 1508 934 133 quant ilz sont malades.

2436 1537 1392 214 esaire raconte que un abbe fu

2430 1711 1387 139 a cystiaux qui cõmanda a un sien

2413 1798 1380 121 frere malade quil mengast de la

2419 1879 1386 133 char le moine obey mais il le fist

2430 1983 1421 139 moult enuis et dist a son abbe ie

2419 2053 1398 151 uous prie dist il en celle mesmes

2413 2157 1386 163 charite que vous mauez cõmande

2413 2273 1409 139 a mengier char que vous en men

2407 2372 1415 145 giez auec moy. Labbe pour com

2413 2465 1433 139 plaire a son freye en menga un

2413 2552 1462 133 morsel aduint un peu apres que

2419 2650 1357 134 cest abbe ala a une eglise ou il

2424 2749 1468 127 auoit un demoniaque si tost cõme

2424 2842 1340 133 il uey le demoniaque il lui dist

2378 2934 1450 157 Ie te coniure dist il mauuais es

2419 3039 1386 133 perit par celle charite par la q̃lle

2378 3143 1514 139 Ie mengue de la char pour complaire

2424 3236 1352 128 a mon frere que tu isses inconti

2424 3323 1433 139 nent de cest hõme Lors soudaine

2430 3416 1317 151 ment le deable issi de cel hõme.

2413 3526 1415 157 Example dun abbe qui admonnesta

2413 3619 1392 168 ses moines de faire leurs lits pour

2424 3717 1004 140 recepuoir nostre seigneur.

2442 3804 1421 134 n abbe prescha moult bien ses

2436 3897 1415 151 moines a une nuit de penthecoste

2424 4002 1503 133 et entre autres choses il les admon

2424 4094 1335 151 nefta moult de preparer leurs

2424 4187 1485 139 lits honnestement pour y recepuoir

2419 4292 1479 121 la nuit en sieuuant le saint esperit

2419 4367 1421 157 Et Iassoit ce quil parlast du lit de

2419 4471 1369 145 la conscience Tontesuoies il y

2413 4582 1409 139 eut un ione moine innocent qui

2424 4680 1398 134 lentendi simplement et sen ala

2424 4767 1340 134 tres bien parer et orner son lit

2424 4866 1340 151 ou dortoir au mieulx quil peut

2430 4982 1369 122 En intention dy recepuoir nr̃e

2430 5069 1392 133 seigneur Aduint cõme ce moine

2424 5156 1375 214 estoit la nuit couchie en son liet
