4960 6960
649 881 1369 174 ment que labbe voloit dont il eut

626 1003 1468 151 giant despit. Si dist au moine frere

620 1107 1416 134 frere dist il nas tu point oy ce que

609 1194 1398 151 ie tai cõmande. Le moine lui res

626 1299 1416 145 pondi. voirement dist il ie sui vr̃e

626 1374 1491 168 frere mais vr̃e robe et vostre escuel

626 1496 1491 139 le ne sont pas suers aux mennes.

614 1589 1410 133 Ung abbe doit retraire les pecheurs

643 1687 465 140 de mal faire

649 1786 1393 110 aque de vitri raconte quil fu

626 1844 1468 168 un abbe saint hõme et deuot le quel

626 1972 1445 133 oy parler dun prince de lairons qui

632 2076 1427 139 a grant compaignie de murdriers

626 2169 1358 127 et de robeurs se tenoit en un fort

626 2250 1450 151 chastel et ne passoit hõme ne fẽme

626 2366 1334 128 la pres quil ne fust murdri ou

620 2441 1364 151 desrobe. Cest abbe monta sur un

626 2552 1369 139 bon cheual et sen ala celle part.

626 2656 1340 122 Si tost cõme il fu veu il fu prins.

609 2737 1473 157 Il demanda au maistre dentre eulx

626 2836 1439 122 quilz lui demandoient Ton cheual

626 2929 1462 145 duent ilz. Labbe respondi. Les biens

626 3027 1358 134 de dieu dist il doiuent estre cõmuns.

562 3097 1532 168 Iay longuement garde le cheual et ma

620 3219 1456 139 bien aidie. Cest bien rayson que vous

614 3311 1410 151 vous en aidez a uostre besoing. Vraie

632 3427 1415 128 ment dist ce maistre nous ne le gar

626 3509 1387 150 derons pas longuement Car nous

609 3613 1375 162 vendrons tout au iourduy et en a

620 3729 1445 116 cheterons a bone et a mengier pour

614 3804 1491 134 viure. Cõment dist labbe te conuient

626 3909 1404 133 il exposer ton corps a si grant paine

626 3996 1520 156 et peril pour auoir ton viure. Vienten

626 4106 1456 122 auec moy en mon abbaye ie te feray

626 4193 1398 145 deliurer tout ce quil te conuenra

632 4297 1473 140 pour ton uiure. O dist le larron ie ne

620 4390 1387 151 pourroie mengier voz feues ne voz

632 4495 1346 121 colez ne boire voz ceruoises Ie te

626 4582 1346 127 donray dist labbe de bons poissons

626 4674 1479 128 et de bonnes chars et si te feray boire

626 4767 1404 134 bon vin. Enfin apres pluseurs pa

620 4860 1474 139 roles le larron dist quill iroit essaier.

620 4959 1532 150 Il sen ala auec cel abbe en son abbaie

632 5069 1340 133 Labbe le fist mettre en une belle

632 5156 1433 162 chambre ou il auoit un beau lit et

2413 841 1433 191 bon et lui bailla pour le seruir un

2407 986 1433 156 moine au quel il ordena quil bail

2407 1096 1415 139 last a ce larron tout ce quil deman

2407 1189 1439 133 deroit. Le larron mengoit bon pain

2401 1287 1456 122 bonne char bon poisson beuuoit bien

2401 1374 1346 145 de bon uin estoit bien couchie et

2407 1490 1328 134 chauffe. Mais le moine qui le

2407 1589 1323 145 seruoit ne mengoit onques que

2413 1682 1305 145 pain sec et beuuoit de leaue Le

2407 1774 1328 151 Larron qui en fu tout esbahy lui

2395 1856 1485 156 Demanda une fois frere dist il quelz

2413 1977 1462 134 maulx as tu fait qui fais si grant

2413 2076 1473 122 abstinence as tu murdri gens. ha a

2395 2140 1445 151 dieu dist le moine ia naduiengne

2361 2262 1525 145 Ie ne courrecay onques hõme Quas

2395 2366 1323 122 tu doncques fait dist le larron.

2401 2453 1387 139 as tu fait fornication ou adultere

2413 2552 1311 127 sacrilege on autre grant pechie

2407 2627 1421 162 tu ne feroies iamais si grant absti

2407 2737 1392 139 nence se tu nauoies este grant pe

2413 2847 1299 134 cheur. Ha a frere dist le moine

2407 2929 1323 139 quest ce que tu dis. Vraiement

2390 3033 1345 133 Iay demoure des ma ionesse en

2401 3126 1392 139 ceste abbaie Onques ne touchay

2390 3213 1369 145 fẽme Ce que ie fay dabstinence

2390 3311 1316 145 Ie le fai seulement pour auoir

2401 3398 1404 151 dieu propice Lors le larron com

2407 3514 1369 157 menca a penser a ses pechies si

2401 3619 1381 133 en eut grant desplaisance et con

2401 3712 1392 133 trition et disoit en lio mesmes O

2401 3804 1340 151 cõme ie sui chetif et maleureux

2401 3897 1421 128 qui ai tant fait de larrecins domi

2401 3984 1427 157 cides dadulteres de sacrileges et

2413 4106 1398 133 autres grans pechies et horribles

2401 4187 1398 151 et si ne ieunay onques En celle

2407 4286 1363 133 contrition et desplaisance de sa

2401 4384 1398 122 premiere uie. il sen ala iecter aux

2401 4477 1468 145 pies de labbe se confessa deuotem̃t

2390 4553 1490 168 et lui pria moult humblement quil

2401 4674 1381 134 lui vousist donner labbit de leens.

2395 4761 1387 140 Labbe lui donna volentiers et fu

2395 4848 1456 157 le larron moine ou il se gouuerna

2401 4964 1427 128 en si grant penitance et abstinence

2401 5051 1416 151 et tant fu deuot et religieux quil

2395 5162 1277 197 nauoit en labbaie son pareil.
