3620 5200
359 307 1223 182 P ar aucun signe ou autͤment

355 446 975 156 D e cest oisel lavenem̅t

355 559 1188 173 & qnͣt il seit quil doit venir

359 693 1184 164 D e sairem̅t fait rains cueillir

364 810 858 160 & lier en .i. faisselet

355 944 1205 152 S eur .i. mol't bel auteil le met

364 1061 1005 143 P or loisel est illues mis

355 1178 1036 139 C il oiseaus si com ie deuis

355 1282 1188 148 C hargies despices vient au leu

359 1399 1045 152 D e son bec alume le feu

359 1516 1184 174 C ar tant fiert sor la pierre dure

364 1659 1175 139 Q' feus en saut par auenture

368 1776 1097 160 Qi ml't tost alume   esprent

359 1906 950 139 D espices   dou sairem̅t

351 2019 1153 134 Q ant li feux est clers  ardans

368 2132 1127 134 S i se met ens demaintenās

364 2240 1257 139 & sart lors en poudre   en cendre

355 2366 1218 138 D ont vient li prestres por aprēdre

359 2474 1123 152 C om̅t la besongne est alee

359 2613 1171 134 L a cendre trueue amoncelee

359 2717 1136 134 D ont la depart tout soauet

351 2825 1231 152 T ant  dedens truue .i. u͛met

359 2946 1188 143 Qi done asseiz meillor oudor

359 3059 1167 134 Q' rose ne nulle autre flor

364 3176 1218 147 L i prestres londemaī reuient

372 3293 1214 156 P or veoir ꝯm̅t se contient

368 3418 1101 143 L i oiseaus st la figureiz

377 3548 1222 143 A u tiers ior est oiseaus formez

385 3678 1019 130 S i a qnͣque il doit auoir

385 3795 1106 122 A u chapelain crie por voir

398 3921 1110 147 P uis sentorne liez   ioians

390 4042 1127 174 N e reuient deuant .vͨ. ans

342 4246 147 113 E

520 4168 1097 152 n cest oisel deuons entendre

390 4294 1266 195 N r̄e segnor qui uint descendre

1643 290 1079 143 E n t̾re por no sauuement

1656 407 1036 147 D e bones oudors vraiem̅t

1660 528 1192 161 F u chergiez qnͣt ā t̾re vint

1669 667 1083 147 P or les pͬsons  enfers tint

1660 784 1179 156 E n lauteil de la crois sacree

1651 905 1136 156 Qi tant est douce   honoree

1651 1040 1032 134 F u sacrefiez cil oiseaus

1651 1139 1223 148 Qi au tiers ior resourst noueaus

1647 1252 1314 156 M ais plusor ne voelent pas croire

1647 1369 1105 147 Q' la chose fust ensi voire

1682 1495 1135 151 Si ont grant tort ce mest avis

1647 1620 1205 152 Q ant loiseaus qui a nō fenis

1664 1750 958 152 S e demet   se mortefie

1669 1871 1135 156 & au tiers ior reuient en vie

1664 1993 1036 134 M l't est a croire pl' legieR

1656 2101 1066 143 A dieu qui tout a a baill'

1643 2218 1127 135 C e  il dist en son sermon

1690 2344 1136 139 Ou na rien se veritei non

1664 2461 1054 139 & ce dist il qui est vertei

1673 2595 945 130 J e ai dist il la poestei

1669 2695 1044 139 & doposer   de reprendre

1677 2803 1201 135 V oir dist .   voir fist a entñdre

1673 2912 1292 156 S el deuons oir  t entendre retͣire

1673 3037 1227 139 J e ne uing pas dist il desfaire

1664 3163 1210 147 L a loi . ains la uing a complir

1664 3280 1010 112 & a sommer   a emplir

3138 164 243 252 59
