3620 5200
1716 299 1327 138 O ns tant proier nes ensorent

1751 429 1205 125 O utreement les enfaillirent

1712 546 1292 138 & plainem̅t lor respondirent

1708 671 1370 122 Q' ja point ne lor endonroient

1690 784 1310 125 A lassent la ou il lauoient

1729 914 1149 108 A chetei si en achetassent

1755 1022 1262 135 O u autrem̅t en porchacassent

1742 1144 1071 108 Entrues  celes ialerent

1699 1243 1296 126 L es sages en noces entrerent

1742 1352 1023 134 Qi estoient bien atornees

1729 1469 1114 138 Q ant celes furent retornees

1695 1594 1174 126 S ot on fait la porte fermer

1712 1716 1201 134 O ns puis ni porent entrer

1669 1867 117 109 S

1825 1828 1274 134 egnor prenez garde au fremis

1729 1950 1067 117 Qi se poine   poruoit ensis

1673 2054 1292 125 Q en estei a tant traveillie

1673 2162 1305 139 Q en yuer est touz aaisie

1703 2279 1184 130 E ncor fait il autre proesce

1690 2392 1179 147 N e li vient mie de peresce

1712 2513 1179 143 Q ant a son from̅t amassei

1682 2634 940 126 Qi durem̅t li a coustei

1703 2743 1366 134 C hascun des grains ꝑun lieu fent

1712 2860 1105 130 E nsi les garde   deffent

1712 2981 997 126 Qi l nēpire ne neporrist

1703 3098 1071 130 N e nule gᷣine ni norrist

1729 3211 1097 125 T u crestiens qui en dieu cͦis

1712 3332 936 113 Qi lescͬture entens  ois

1682 3432 1131 143 F ent  deuise sagement

1712 3549 1218 156 L a lettre dou viel testam̅t

1712 3683 1006 147 C est a dire  a entendre

1721 3809 1261 147 q' tu ne dois mie tout prendre

1712 3939 997 130 S elonc la lettre qui ocit

1703 4060 1062 143 M ais selonc lesꝑitel dit

1712 4177 1144 173 F ent  devise ꝑ droiture

394 312 1188 160 L uns auant lautre belement

372 450 1275 152 T ant quil vienent au blef meur

390 572 1092 138 L a ou il est formeiz  drus

398 680 1210 156 & qnͣt il sont uenu au grain

394 801 1175 130 D e ce soiez trestuit certain

420 914 1179 130 P ar loudor dou chaine desous

390 1031 1287 130 S euent enoistre tāt sont prous

385 1139 1219 139 S e cest soiles orge ou from̅s

390 1248 1248 138 S e orge ou soile est finem̅t

403 1369 1166 130 L e guerpissent  auant vōt

372 1495 1245 117 T ant  au from̅t venu sont

377 1599 1279 138 D ont montent avant a lespi

364 1729 1231 121 Q ant se sont chergie   garni

359 1841 1249 130 a lor recet torment arriere

359 1945 1227 135 b element toute la charriere

346 2067 1279 121 T restoute ior vienent et vont

377 2175 1244 139 & sachiez  li venant font

355 2288 1253 134 Q ant il encontrent les ch'giez

351 2418 1248 121 N e dient pas bien le sachiez

372 2526 1219 121 D onez nous de vr̄e froment

355 2647 1223 122 a ncois tienent ml't sagem̅t

359 2756 1210 112 L or trace  cil sont venu

355 2864 1244 126 T ant quil sont au lieu acorru

359 2985 1123 135 O u li autre se sont trousei

359 3102 1314 130 P uis se chergent bien de ce blei

351 3224 1296 125 D ont sen revienent tuit ch͛gie

338 3341 1279 138 P l' sont cointe   miex aaisie

372 3462 1219 108 Q' les foles virges ne furent

351 3575 1287 130 C ar qnͣt as noces entͤr durēt

312 3696 1348 134 S i furent lor vaissel tuit vuit

351 3830 1283 130 Q' norent rien en lor estruit

351 3960 1253 130 L es .v. sages garnies erent

381 4090 1162 126  les .v. foles demanderent

355 4207 1236 191 D e lor oile mais point nē orēt

3073 30 156 251 lxi

3277 268 152 148 60
