3686 5182
496 358 1193 147 L i pl' hardis  t li plus prous

496 492 1197 155 a utre fremis heit durement

505 630 1119 142 E n la pouriere voirement

501 760 1158 129 S e muce tant est veziiez

501 880 1205 126 Q ant li autre vienent chargie

505 988 1240 143 S eur eaus de la pouriere saut

501 1109 985 147 S i les ocist si les assaut

505 1286 91 52 S

652 1213 1093 138 egnor por dieu qui ne menti

501 1343 1223 133 P renez garde au petit fremi

496 1463 1033 139 Qi est avenāz   sages

527 1580 1184 130 P or  noistre ses auantages

492 1688 1206 142 a traiez dou froment asseiz

488 1809 1154 134 T ant cō si bel estei aueiz

488 1938 1162 121   tant cō vouz aueiz loisir

492 2046 1102 130 Q' aseur puissiez veniR

488 2167 1136 117 A u dur yuer ce est a dire

488 2280 1076 120 A cel ior dou dolereus ire

483 2392 1197 112 Q ant li bon sen iront a destre

479 2491 1124 125 & li maluais deu͛s senestre

492 2608 1214 125 S oiez pensif   curious

492 2729 1223 116 D entrer as noces od lespous

479 2828 1322 125 S i  voz lampes soient plaineᷤ

479 2945 1098 116 D e bones oeures et c͛taines

479 3061 1080 121 C est de loile de charitei

479 3178 1076 125 J e vouz di bien ꝑ u͛itei

471 3286 1136 129 C il ent͛reront ie vous affi

475 3407 1110 121 O lespous au riche conui

483 3523 1137 138 Qi aront lor lampes enplies

522 3636 1102 151 D e bones oeures en lor uies

483 3769 1232 139 & qui la lampe uuide avra

505 3899 1206 134 S achiez  ia ni enterra

501 4020 1192 160 A ins remanra par ueritei

483 4145 1128 151 E n duel   en chaitiuetei

492 4266 1154 186 E n feu ardant en gnͣt torm̅t

1823 384 1167 142 Qui durra parmenablement.

1974 1347 947 112 la nature de la seraine

1879 1334 56 220 D

1953 1446 1149 134 e la nati seraine vouz diron

1840 1571 1059 126 Qi ml't a estrange facon

1840 1727 1258 82 C ar des la ceinture en amont

1827 1800 1258 143 E st la plus bele rien dou mont

1819 1930 1231 134 E n guise de fēme formee

1810 2042 1353 134 L autre ꝑtie est figuree

1827 2163 1375 125 C ōme poissons   cō oisel

1862 2275 1154 125 Tant chante doucement  bel

1862 2388 1188 125 Q' cil qui vōt ꝑ mer najant

1871 2495 1188 130 S i tost com il oient cel chant

1788 2616 1405 121 N e se pueent mie tenir

1832 2720 1348 125 Q' la nef ni facent venir

1888 2832 1201 130 T ant leur samble cis chās soez

1862 2945 1080 121 Qi l sendorm̅t enmi la neif

1871 3061 1188 134 & qnͣt tresbien sont endormi

1862 3186 929 121 L ors sont deceu  trai

1832 3294 1218 134 C ar les seraines les ocient

1845 3407 1331 134 Si soutielm̅t  mot ne dient

1806 3601 116 60 L

1996 3532 1076 134 a seraine qui si bien chante

1862 3653 1236 134 Qi par son chant la gent enchāte

1771 3774 1392 138 D one essample a ceus chastoier

1780 3903 1396 130 Qi par cest monde vōt nagier

1784 4033 1357 134 N ous qͥ par cest mōt sōs passant

1758 4162 1413 134 S omes deceu ꝑ cel chant

1806 4292 1249 177 ꝑ vaine gloire   ꝑ delit

2553 30 169 216 lxii

3219 138 190 242 liiii

3335 319 139 203 61
