3621 5198
485 389 1110 133 S i a la pance dure ⁊ plaine

491 508 1193 135 L i cuivers qui tãt seit de boule

494 649 1225 127 T rait la langue fors de la goule

488 765 1127 127 L es elx ⁊  les dens rechingne

471 886 1112 127 & en ceste meniere engingne

499 1002 1211 135 L es oiseaus qui gesir le voient

481 1134 1283 117 C ertamem̃ ent tout mort le croient

488 1244 1219 116 D out descendent por lui bechier

499 1363 1101 106 Mais qnͣt il se voit aprochieR

520 1469 1063 110 P res de ses dens  ⁊ il sent aise

514 1585 870 104 S i felenessem̃ t les baise

505 1706 1084 113 Q ant en sa gueule sõt enclos

502 1819 937 110 Q' tout deuore char ⁊ os

464 2009 125 78 C

629 1937 1113 119 il goupil qui tant seit delart

497 2061 1089 99 Q' vous apeleiz ci Renart

494 2171 1086 107 S enefie le mal goupil

497 2284 1060 104 Qi le peuple met en essil

488 2391 1191 115 C est li malfeiz qui nous g͛roie

479 2515 1243 112 C hascunior vient seur nos ẽ ꝓie

488 2639 1165 101 A celx qui uiuent charnelm̃t

488 2743 1162 113 S e fait tous mors c͛tamem̃ t

508 2858 1133 113 Por ce q̃ pl' pres les atraie

498 2958 1245 126 M ais en lui na point de manaie

508 3084 1225 127 P uis quil le tient en son goion

499 3211 1177 104 T ost les deuore cist larron

494 3323 1187 104 C ome li goupis fait loisel

503 3426 1270 117 Q ant le sent pres de son musel

494 3549 1127 115 M ais il ia oiseaus plusors

508 3661 1078 116 Qi guiches ⁊ les estors

516 3768 1244 147 D ou goupil aparcouient bien

520 3902 1162 126 S i ni descendroient por rien

511 4034 1121 121 L i jais idescent ⁊ lapie

507 4145 1227 134 & maint qui ne se seuent mie

511 4282 1150 165 D e la gnͣt traison gaitier

1791 386 1231 142 M l't sont legier aengingnier

1791 516 1000 107 D efole gent est autresi

1794 655 1113 121 T ant sont apͬs ⁊ ad empti

1788 776 1055 107 A lecherie amauuaistie

1797 889 1032 113 Q' ia nenseront chastoie

1788 1007 1214 110 Dꝰ quil chieent en dens renart

1838 1121 1188 122 D ont vient li chastoiers atart

1809 1244 1115 107 L i sages qui bien aparcoit

1814 1351 1136 121 L e larron qui les folx decoit

1809 1464 1190 118 S e trait ensus des lecheries

1794 1582 1165 121 D es ivresces des buueries

1800 1700 1266 116 D ont les gnͣs ordures norrissẽt

1821 1814 1218 122 Q'  ⁊ cors  ⁊ armes porrissent

1942 2620 820 126 La nature de lunicorne

1786 2776 143 82 O

1947 2743 1003 110 R vous dirat de lunicorne

1803 2853 1130 115 b este qui na q̃  une corne

1851 2954 1223 117 E ns enmi lieu dou front posee

1829 3066 951 136 I ceste beste est si osee

1820 3196 1087 113 S i combatans ⁊  si hardie

1817 3312 1107 110 Q as olifanz prent aacte

1856 3413 1045 117 L a plus ose beste dou mont

1814 3534 1081 116 D e toutes celes qui isont

1826 3655 1127 122 b ien se combat alolifant

1864 3777 1171 130 T ant a lepie dur ⁊ trenchãt

1856 3915 936 122 & longle dou pie si agu

1817 4034 1139 107 Q' Riens nẽpuet estre feru

1864 4154 1097 134 Q ue ele ne perce ou le fende

1823 4291 1240 167 N a pas pooir de soi desfendre
