3629 5170
408 330 1212 141 Q ant hõ ace de soi trenchie

408 465 1123 132 & getet au diable ou vis

419 580 1264 146 C il le guerpist je vous pleuis

413 706 1259 147 Q ant voit q̃ nia rien dou sien

422 832 1181 124 S ine li samble mie bien

430 943 1242 142 Q ant preudõ se uoit enchauc͛

413 1068 1253 132 A u diable si doit trenchieR

428 1174 1284 144 D e soi tous vices  ⁊ tous max

425 1298 1149 138 E nsi puet bien eschaꝑ  saus

428 1413 1250 146 A lessample de ceste beste

442 1533 1253 141 L i apostres nous amoneste

430 1654 1248 138 Q' seruage  ⁊ treu rendons

425 1786 1258 126 A celui cui nous le deuons

428 1907 1241 126 ⁊ la ou nous deuõs honor

436 2019 1270 129 R endons  ⁊ creance  ⁊ amor

442 2142 1135 127 ꝑ veritei deuons entendre

439 2251 1213 121 Q' au diable deuõs rendre

439 2360 1227 124 pͬ mes ce que nous li deuons

448 2470 1264 135 ⁊ qoie q̃ nous le renoions

433 2585 1219 126 & toutes ses oeures aplain

433 2694 1253 135 E nsi serons fors de sa main

448 2814 1152 127 P echieres qui sages seroit

436 2923 1115 133 E n tel guise se garderoit

436 3050 974 126 & les renderoit a celui

428 3173 1224 132 Qi tous iors brasse mal ⁊ anui

435 3291 1211 125 L es oeures qͥ la char delitent

443 3407 1255 138 O u tuit mal croissent ⁊ abitent

448 3535 1186 127 T renche de soi cil qui est sage

448 3664 980 112 Q ant ilia itel seruage

453 3776 1078 118 R endu cõme ce qui sien est

456 3897 1072 126 C õme sa proie ⁊ son ꝯq̃st

451 4032 1149 115 & puis li giete enmi la face

448 4161 1209 109 C il remaint  ⁊ ẽpert la trace

453 4291 1199 218 C ar il ne seit ne ne uoit mie

1769 310 1190 146 P uis qest entreiz ensainte eglise

1764 448 1074 120 d onq̃s trueuil les fruiz itex

1752 577 989 126 C ome iaidis esperitex

1780 702 883 120 F oi pacience humilitei

1761 824 971 115 C ontinence ⁊ benignitei

1792 934 923 125 & charitei ⁊ joie ⁊ pais

1772 1051 1081 135 Joie qui ne faudra jamais

1781 1157 1066 146 & diex qui de ce est segnor

1767 1269 1226 149 N ous maint en la ioie gregnor

1761 1395 1198 124 Qi ne fine ne nest finable

1775 1507 1204 121 A ins sera tous iors ꝑdurable

1905 2352 702 112 La nature de lyẽne.

1745 2408 125 181 M

1913 2447 910 125 l't a adire ⁊ a retraire

1767 2556 1212 126 E ns essamples dou bestiaire

1784 2668 1192 146 Qi sont de bestes ⁊  doiseaus

1790 2791 1091 135 P rofitables ⁊  bons ⁊  biaus

1764 2892 1146 152 e n cest liure car il ensẽgne

1775 3018 1164 164 e nq̃l guise li maus rem̃ gne

1767 3156 939 147 & la uoie q̃ doit teniR

1775 3280 1052 126 C il qui a dieu reuelt venir

1792 3394 1056 130 L i bestiaires nous recorde

1758 3515 1109 135 D une beste maluaise ⁊ orde

1772 3641 1170 127 Qi anon ijene engrijois

1775 3759 1207 124 N e la sai nõm͛ en francois

1769 3871 1239 132 M ais la lois deuee ⁊ deffent

1775 3995 1210 129 Q' nꝰ nẽmeuit vraiement

1769 4127 1222 149 N e chose qali soit sãblable

1767 4262 1080 172 Q' le nest mie ꝯuenable

3103 8 284 276 lxvi

3266 258 181 224 65
