3629 5170
3236 120 272 375 lxvii

3284 262 155 229 66

522 278 658 124 La nature delydre

340 155 159 400 U

508 366 991 151 ne meniere est de serpent

376 494 1083 137 Qi en eaue a habitement

393 608 1138 167 y drus a nõ si est ml't sage

382 732 1313 144 C ar moult seit bien faire demage

370 840 1013 155 A s cocatͥs que ele heit

392 960 1163 155 S agem̃ t engingnier le seit

400 1077 1173 146 B ien vous dirai auant ꝯm̃ t

396 1193 1159 138 C il lengnigne ml't soutieum̃ t

410 1306 1092 135 L a cocastris est beste fiere

416 1424 1101 138 & moint ades en la riuere

410 1545 977 129 d e cele isle qui nil a non

419 1654 1192 141 L uef resamble auq̃s de facon

396 1795 1100 120 xx. coudes a il bien de lonc

399 1910 1281 126 S i est ausi gros cõme .i. tronc

396 2016 1181 138 Qa tre piez a ⁊ ongles grans

413 2142 1196 124 & denz agues ⁊ trenchans

408 2260 1180 112 D e ce est il ml't bien armeiz

402 2375 1166 112 T ant ale cuir dur ⁊ sarrei

416 2478 1307 129 G rans colps de pierre ou de bastõ

416 2605 1095 114 N e doute pl' dun aneton

422 2711 1132 112 O nq̃s hom tel beste ne vit

416 2817 1066 118 Car en t͛re ⁊ en eaue uit

418 2921 1284 129 L a nuit se tient en leaue enclos

413 3047 891 118 &  a t͛re a le ior repos

400 3153 1246 125 Q ant hõme encontͤ  ⁊ il le vaĩt

402 3291 1215 109 M eniue lou riens nẽ remaint

405 3390 1293 142 M ais touz iors puis ap͛s le pleure

419 3527 1181 109 T ant cõ ele enuie demeure

425 3627 1149 129 D e ceste beste seule auient

425 3745 1218 132 Q' les genciues desus tient

428 3863 1175 138 T out en pais qãt ele m̃ iue

419 3998 1146 112 M ais iceles desous remue

416 4136 1066 123 C este nature nest donee

419 4253 914 150 A autre creature nee

1729 330 977 141 & de sa coe seulement

1746 450 1147 144 Soloit on faire .i. ongnem̃ t

1728 568 1280 151 Les vielles fames sen õgnoiẽt

1723 693 1263 142 P ar cest ongnem̃ t sestendoiẽt

1767 807 1224 149 L es fronces dou vis ⁊ dou frõt

1711 934 1077 147 & plusors encore le font

1745 1051 1362 146 M ais puis que la suors seur uiẽt

1758 1167 1297 129 S achiez q̃ nul preu ne lor tient

1723 1279 1276 138 L autre beste que vous ai dite

1719 1395 1147 134 Qi en eaue tous iors habite

1736 1512 1048 138 H eit la cocatͬce de mort

1728 1645 952 130 & il li si na mie tort

1723 1766 1181 129 M l't se heent de grant haine

1715 1878 1116 142 M ais cele seit pl' de traine

1736 1994 1078 138 Q ant at͛re lauoit gesir

1735 2116 1250 132 & en dormant la goule ourir

1741 2234 1221 126 E n tai ⁊ en limon se moulle

1784 2352 1083 118 I lueq̃s se veautre ⁊ tooulle

1754 2442 1043 138 P or estre pl' escoulorable

1767 2576 1247 126 P uis vient tout droit ace diable

1755 2694 1161 123 T res parmi sa goule se lance

1764 2809 1209 120 ⁊ si le transglout en sapance

1771 2916 1077 134 El nia pas estei gnͣt piece

1741 3058 1135 101 Q ant elli derront  ⁊ depiece

1729 3179 1282 103 D ou ventre toutes les entͣilles

1729 3285 1152 118 & les boiaus ⁊ les corailles

1775 3394 1043 121 I ssue qͥert deliurement

1741 3518 1201 112 & si senist tout sauuem̃ t

1732 3633 1325 118 & cil muert car morir lestuet

1746 3751 1377 126 q͛ des plaies garir ne puet

1715 3860 90 181 I

1847 3871 1178 127 ci puet on essample entñdre

1735 3998 1258 132 & grant senefiance aprendre

1764 4127 804 132 L a cocatͬce senefie

1744 4262 1275 164 M ort ⁊ enfer nen douteiz mie
