3606 5195
505 331 1068 130 A utresi cõme le serpent

508 453 1201 147 D ont ie vous di p̃mierem̃ t

502 588 1022 127 O cist le cocatris ⁊ tue

505 704 1126 132 & sauvem̃ t porchace issue

505 813 1140 142 F ist nr̃e sires jhũcrist

490 949 1181 133 C ar en la char q̃ por nous pͬst

499 1070 1019 121 Si sagem̃ t senuolepa

505 1186 1074 115 Q' mort ⁊ enfer estrangla

482 1295 1108 122 D iluec osta ses bons amis

476 1402 1002 121 Qi remeiz ierent chaitis

490 1520 1031 130 S i cõme li profetes dist

487 1647 1098 136 Q ant la prophetie descͬst

482 1789 1105 115 O tu mors ie serai ta mors

479 1899 1120 124 D iex qui est nr̃e lions fors

472 1995 1222 143 D estruit nr̃e mort enmorant

476 2124 1236 141 D ont tous tãs iert enf͛s plorãt

482 2251 1123 121 E n resourdant rapareilla

485 2368 1031 108 N r̃e vie qui ne faudra.

629 3203 875 98 La nature de la chieure

450 3342 200 65 C

661 3310 1074 118 estes sont ml't foles ⁊ sages

473 3422 1166 122 D e privees ⁊ de sauuages

472 3528 1296 130 V ous tenez por coart le lieure

493 3659 1126 121 ⁊ por fole tenez la chieure

473 3777 1256 133 M ais de la chieure ne porquãt

485 3899 1151 127 A mõ essample qenoissant

498 4021 1244 130 B ouc anõ li malle en romans

489 4138 1248 152 B arbes ont longes ⁊ pendans

493 4291 1054 144 & cornes dures ⁊ agues

1830 360 1132 147 ⁊ durem̃ t les peaus velues

1821 487 1268 153 E ngnͣs mons moinẽt volent's

1824 608 1184 159 E n pl' gnͣs ⁊ en pl' pleniers

1833 738 1221 148 E n valees entour se paissent

1821 848 1213 144 ⁊ se norrissent ⁊ engraissent

1824 975 1100 130 M l't de clere veue sont

1818 1088 1308 141 Q ant lassus sont ensus le mõt

1810 1206 1261 138 M l't voient lõg ⁊haut ⁊cleir

1821 1321 1288 139 Q ant il voient gent trespasser

1807 1434 1328 130 D emaintenãt por voir sauroiẽt

1824 1555 1193 124 S e veneor ouerrant soient

1781 1658 143 121 C

1948 1676 1037 133 este beste qui si cler voit

1801 1809 1140 127 & qui de si loins aparcoit

1764 1930 1244 119 S on anemi qui mal li qͥert

1811 2039 1222 125 A lessample de dieu affiert

1792 2161 1262 121 C ar diex qui e' sires dou mõt

1795 2265 1285 127 M aĩt tout lassꝰ en pl' haut mõt

1810 2389 1204 116 D e lõg esgarde ⁊ uoit ⁊ sent

1787 2508 1209 112 Q anq̃  font ca ⁊ la la gent

1804 2620 1325 121 T out voit ⁊ seit cõme vraiz sire

1810 2736 1215 103 Q anq̃  len puet penseir ⁊dire

1798 2845 1169 104 A ins q̃ ens ou cuer soit ꝯceue

1813 2946 889 110 La pensee ail q̃ neue

1795 3070 1097 110 D es eglises qui ores sont

1792 3189 1144 115 E stablies parmi cest mont

1798 3313 1106 115 E st diex peus ⁊ abeureiz

1795 3434 1196 113 D es armones des chariteiz

1846 3545 923 117 Q' font li crestien feel

1804 3662 1204 121 Qi ont sa grace ⁊ son conseil

1804 3772 1426 141 Q ant nous por lamor dieu paissõs

1818 3904 1268 125 L e poure ou nous le reuestons

1816 4017 1135 134 Q ant en chartͤ  le visitons

1855 4143 1165 134 O u qnͣ t de no paĩ li donons

1810 4277 1157 170 Q ant le pelerin h͛breions
