4872 6496
3805 276 233 232 216

178 254 1608 200 n e um ne pot tuz íurs sẽz iꝰte est̾

173 411 1570 151 e qͣnt hũ qͥde gͣnt leesce ẽꝯtrer

254 535 1499 147 i dũc est il plus pres del desturber

184 665 1537 152 u eirs dit ogier ci a mal a pẽser

178 790 1386 151 n e ci nau̾a mest̾ desponter

167 914 1511 157 u eez paens nes poez eschiuer

184 1044 1602 141 p ar mi lur lances nꝰ estuu̾a passer

167 1174 1565 136 o re deit chascũ sa pruesce mustrer

162 1288 1548 157 p uis kum ÷ pris nel deit hum afoler

167 1429 1440 135 k ar bien nel pouns amener

162 1553 1489 125 b ien le nꝰ pot encui reguerdon̾

162 1667 1537 141 e dist clarel franc qͦr te fist parler

389 1797 1289 130 ire rollãt co dit ogier le ber

200 1910 113 195 S

406 1916 1402 146 f ort estes e fiers hardiz e redutez

156 2051 1359 141 e de bataille bien enluminez

156 2165 1478 146 e oliu̾ est cheualer pruuez

151 2300 1581 136 e io meisme de maint pas eschapez

146 2414 1429 151 u eez paens refuser nes poez

151 2538 1451 157 n altre sucurs dũme natendez

151 2668 1613 152 k i ore ni fierge il seit cuard pruuez

151 2804 1602 135 m ũioie escrient eis les uus aiustez

162 2928 1402 141 i a i au̾a des morz e des nau̾ez

146 3058 1440 141 r ollant feri un paien berruier

146 3183 1478 135 q ͥ plus est neir q̃ mure de murer

167 3302 1597 124 m ort le tresturne ẽ mi liu dun sentier

140 3404 1532 168 e oliu̾ fiert balsan de mũtpellier

140 3540 1521 157 e li danais iuste al sarazin motier

140 3659 1576 162 m ort les abatent cil furẽt li pͥmer

140 3783 1597 168 t reis ont occis des hanstes de pũmer

162 3919 1380 162 p uis ont treit les espees dascer

156 4049 1624 157 r ollant les ueit od durendal trẽchier

167 4189 1467 157 p ar un e un les feit trebuchier

162 4314 1537 162 o liu̾ trouent li paien ml̃t fier

156 4449 1316 146 a halteclere i fait tel sentier

162 4574 1646 151 b ien i purreient qͣtre chars enꝯtrer

162 4693 1543 157 l i bons daneis i fet ml̃t a preiser

162 4823 1516 151 d e bien ferir ne se uolt targier

162 4942 1646 151 e streint curteine si broche le destrier

162 5077 1570 163 a trẽte paens a fait les chiefs uoler

178 5207 1505 157 a tãt est uenu carmel de tabarie

189 5332 1499 173 u n sarazin qͥ tus les altres guie

200 5467 1532 195 b ien est arme si set sur pẽnepie

1829 249 1678 167 e n sun language a halte uoiz escͥe

1808 395 1732 146 k e faites uꝰ mahumet deu uꝰ maldie

1813 519 1407 157 q̃ dirrum nꝰ al ẽperur garsie

1813 644 1711 151 k e par treis hũmes est si gͣnt gẽt hunie

1818 774 1516 151 i o toldrai a un des treis ia la uie

1818 893 1494 157 p uint le destrier la lance a brandie

1856 1028 1354 135 e fiert og̾ sur la targe flurie

1845 1153 1500 146 d esuz la bucle la freint e percie

1791 1282 1538 147 l a bone bruine ne li ualt une fie

1797 1412 1418 141 e l cors li met lenseinie dorcanie

1808 1537 1396 141 n auere labat kikepeist u rie

1829 1656 1467 130 u eit le rollant ki ke peist u ki rie

1797 1770 1586 146 f erir le uet sur le healme de burie

1851 1910 1543 141 t ut le purfent sanz nule garantie

1797 2035 1613 146 c uluert fet il deu del ciel te maldie

1797 2159 1559 141 d e quel uassal mas tolu la ꝯpaĩgnie

1786 2289 1613 147 p ar le champ broche lalfage de nubie

1797 2408 1505 136 u n sarazin q̃ dampne deu maldie

1835 2538 1196 147 c usins fu a la bele alfamie

1851 2674 1304 135 h ui matin li promist druerie

1797 2793 1396 151 e il ꝓmist colp de cheualerie

1791 2912 1624 151 s i deu nen pense le fiz seinte marie

1813 3042 1164 151 i l lur fra ml̃t gͣnt estultie

1808 3155 1402 157 f iert oliu̾ sur la bruine sarzie

1835 3280 1407 146 f ort est lauberc qͥ li garda la uie

1824 3394 1391 162 i us labati mes il nel nau̾a mie

1813 3524 1597 151 l i quens relieue si salt sur pẽnepie

1813 3664 1516 136 l e bon destrier carmel de tabarie

1818 3778 1435 146 a halte uoiz sũ ꝯpaingnũ escrie

1797 3903 1440 146 s ire rollant ne uꝰ esmaez mie

1835 4032 1299 136 i o uꝰ en ai la meie fei pleuie

1845 4168 1403 146 n e uꝰ faldrai tant cũ au̾ai la uie

1835 4314 1353 135 o re comẽce le bruit e la folie

1840 4433 1294 141 d e nos frãceis e de la paienie

1780 4579 287 271 L

2105 4563 1105 146 i bon deneis haste de releu̾

2078 4677 1467 157 g ͣnt est la p̾sse ne pot el bai mõt̾

1840 4823 1483 119 l ors comẽce lespee a reguarder

1878 4947 1310 119 o i curteine tãt uꝰ poi amer

1845 5050 1603 152 e n la curt charle uꝰ feissez a loer

1851 5175 1478 157 h ui estuu̾a mei e uꝰ deseuerer

1835 5299 1602 163 m es einz q̃ muire uꝰ uoil esprouer

1878 5413 1554 227 F iert un paen sur sun healme cler
