4872 6496
1396 221 1554 168 v oilie u ne voille a t͛re le descẽt

1407 362 1575 163 g aite escrie kil ne porte le guant

1694 476 1261 157 ngeler est en la p͛sse entrez

1418 595 173 173 E

1705 617 1250 195 s is bons escuz li est del col volez

1391 747 1483 146 m ien escient il fust bien remũtez

1423 860 1548 146 q ͣnt talot broche un turc desmesurez

1407 985 1581 151 m ort at mil hũmes puis qͥl fu adubez

1412 1098 1608 152 o d seisante altres est sur li arestez

1391 1223 1618 162 l ancẽt les lances les gros darz ẽpẽnez

1402 1353 1180 162 e gavelocs e fausarz qͣrrez

1396 1488 1435 152 Ml̃t malemẽt fu le jur debutez

1385 1607 1592 146 s is haubercs fu en trẽte lius nafrez

1412 1726 1478 163 n est pas m͛veille sil est ml̃t blescez

1402 1845 1624 185 m ais il na plaie dũt il se sent ẽꝯbrez

1337 1992 1542 146 s i a cheval puisse estre muntez

1364 2105 1607 152 s is branz dascer iert as turcs pͥvez

1374 2224 1646 163 t els sũt seíns kil trẽchera les chiefs

1374 2354 1549 157 a recusse víent puingnãt ysorez

1391 2479 1559 168 g altier de huns e davi li mẽbrez

1418 2609 1564 168 g irard dorliens e hertald li barbez

1374 2733 1516 157 d e bien ferir sest chascũ ap͛stez

1369 2869 1586 157 m ũjoie escrient si les ont reculez

1374 2982 1516 179 s i kengelers est el bai mũtez

1374 3112 1597 195 g ͣnz colps se donent ẽ ces escuz listez

1385 3248 1516 135 e nsẽble justent talot e ysorez

1391 3356 1586 157 l es eis depiecẽt si ont les quirs ꝑcez

1380 3497 1575 140 l es fers se plient sur ces halbers safrez

1358 3626 1559 141 n es pot tenir sele nestríu dorrez

1374 3756 1543 141 p eitrel ne cẽgle ne freín dargẽtez

1353 3886 1581 136 t ut li plus fort est a t͛re v͛sez

1374 4016 1468 141 t alot relieve si salt sus ysorez

1347 4152 1554 157 m ettent lur mains as espees delez

1347 4281 1516 147 l ascer luist des bͣnz qͥl unt levez

1358 4406 1695 152 f orment se fierẽt sur ces healmes gẽmez

1364 4536 1602 157 j a feust le champ de quei q̃ fust finez

1380 4671 1467 136 n e fust la p͛sse q̃ lur a desturbez

1402 4796 1553 135 g altier de huns a armagot sest j⁹tez

1358 4931 1554 135 m ort labati lalme enportẽt mals fez

1337 5045 1532 146 f rãceis ifierent as bons bͣnz acerez

1337 5175 1515 151 t rẽchẽt espalles eschines e costez

1353 5294 1353 173 d ambes parz i trebuchent assez

1369 5418 1570 206 l i plus delivre en est trestut ẽꝯbrez

3080 221 1445 228 d e sãc v͛mail en est tuschie li prez

3231 373 1435 211 repairer broche un turc de floriẽt

3058 514 254 146 A

3340 503 1201 195 d une cíte dela índe la grant

3096 638 1510 195 v ínt a clarel par la reidne le prent

3085 768 1489 184 s ire fait il par v⁹ ne faisum níent

3069 887 1299 163 c o dist ja avrez mun talent

3074 1001 1473 184 s elunc les eves neleissent níent

3096 1125 1402 174 e nvers les noz vont espurunãt

3080 1234 1461 200 c larel sescrie sẽseíníe naímant

3080 1380 1164 157 a rapater la sue floriant

3091 1504 1461 190 a ces enseinies vienent mor e ꝑsant

3091 1640 1239 151 e arabiz tuit bien treska cent

3096 1759 1397 173 c elui ní a nen ait gunfanũ gent

3107 1883 1429 168 u arc t᷑keis u gaveloc trẽchant

3009 2008 1527 157 f ranceis reculent bien demí arpẽt

3080 2122 1375 162 l i reis justa a droun lalemant

3096 2246 1462 168 l escu li brise suz la bucle dargẽt

3080 2376 1391 162 l escu li false li clavel en estent

3080 2500 1321 168 e l cors li met sun espe trẽchãt

3091 2620 1510 178 e ntre les francs labati mort sãcglent

3015 2760 1434 157 a rapat͛ tient lespee trẽchant

3015 2896 1575 151 g irard dorliens ẽ fiert tãt egremẽt

3026 3026 1407 146 k e la c͛vele e les oilz li espant

3074 3161 1538 146 q ͣnt il lat mort si sen veit gualopãt

3015 3280 1467 146 m es otinel li est venuz devant

3085 3383 1402 162 s espee treite sun escu portant

3063 3513 1381 157 a rapat͛ curt vers li auferant

3015 3637 1553 163 f erir le veit par mut gͣnt hardemẽt

3036 3762 1413 162 s i ke lescu e le healme li fent

2971 3908 1565 152 d ur sũt li quir ne pot ester níent

2998 4032 1608 157 m es la gͣnt targe treskas armes prent

3053 4168 1515 162 c o mest avis ja feist tut sun talent

3047 4287 1337 162 q ͣnt li brise sespee en estraant

3112 4428 1272 157 o tinel le fiert abandunement

3069 4558 1451 157 p ar tel v͛tu ke deskal qͦr li fent

3047 4682 1451 157 l i cors jet jus a diables le comãt

3069 4807 1348 167 p uís si a dit n⁹ esteium parent

3047 4936 1429 157 p ur tel servise tel guerdũ te rent

2982 5061 1332 162 l i reis clarel est al t᷑neiemẽt

2982 5175 1624 173 d e tutes parz veit tresbucher sa gẽt

2998 5326 1511 141 m urir e braire e occire a turmẽt

3015 5434 1391 190 e ntre frãceis sesleisse irrement
