5307 6416
615 550 1562 198 Tieulx pensemans et telles coniectures

615 727 1594 133 Tenoient lors en moult tristes augures

620 850 1546 123 Les poytraines diceulx pouures troyans

620 957 1584 117 Par moult diuers et estranges moyens

625 1069 1696 117 Et quant leurs nefz par leurs lõgues uenues

625 1170 1621 129 Furent tantost en plaine mer tenues

615 1288 1567 123 Sic que desia ny eut deuant leurs yeulx

620 1400 1664 113 Plus terre aulcunes fors lamer et les cieulx

615 1502 1557 123 Soudainement sur leur chief fut pousee

620 1609 1327 123 Obscure nuee a pluye dispousee

625 1726 1456 118 Portant hyuer et dangereuse nuit

615 1828 1455 128 Qui trop a coup a leur emprise nuit

609 1940 1670 118 Par tieulx tenebres la mer deuint troublee

615 2053 1578 128 De meintes uagues meslee et assemblee

636 2165 1455 123 Palinurus mesme gubernateur

615 2272 1476 123 Du nauigaige et uray directeur

615 2379 1706 133 Dist lors hellas quieulx pluyes ou tõnerres

615 2491 1535 123 Nous font ores tempestueres guerres

615 2603 1583 118 Et toy neptune que ueulx or ou que faiz

599 2705 1599 128 Dont nous prepares ung si penible faix

706 2823 1540 117 Quant il eut dit incontinant ordõne

609 2919 1595 133 Que endroit soy chacun garde se donne

615 3036 1578 118 Que par trauail et armes lonresiste

620 3138 1621 134 Et que chacun aux aduirons insiste

631 3245 1557 123 Puis chercha uoye oblique par deuant

620 3357 1594 129 Pour resister a limpetueux uent

706 3469 1466 123 Si dist apres o magnanime Enee

561 3576 1536 123 Si asseurance aultre ne mest donnee

609 3683 1381 134 Par le ducteur de noz faitz iupiter

609 3796 1520 139 Pas nay espoir que iames par cest aer

599 3913 1305 123 Uenir puyssons au pais dytalie

604 4020 1626 129 Car trop grand sort contre nous se deslie

615 4132 1631 129 Les uens tournez differammẽt fremissent

599 4245 1621 128 De loccident ou nous tendons droit issent

604 4357 1632 123 Tant et si fort que tout lair est contraint

609 4453 1525 134 De faire nue qui le cler iour estaint

604 4566 1589 139 Pouoir nauons dy fere resistance

588 4672 1434 145 De tendre uoilles fortes a suffisance

593 4790 1595 134 Doncques suyuons fortune qui domine

604 4897 1578 150 En quelque part que le uent achemine

2498 545 1305 219 Ie croy et cuide si trop ne suis deceu

2503 753 1562 123 Du cours des astres que iay apris et sceu

2503 866 1744 128 Que loing ne sõmes des fraternaulx riuaiges

2498 973 1321 123 Du roy Erix issu de noz lignaiges

2476 1080 1327 128 Doulx et feables et Sycanyes pors

2498 1197 1632 118 La pourrons nous auoir quelques suppors

2583 1304 1557 123 Lors dist Enee en uain noz uoilles querent

2498 1395 1567 128 Aultre chemin car les uens or requierent

2498 1518 1412 118 Comme ie uoy que celle part tyrons

2493 1630 1465 113 Tourne doncques uoilles et auirons

2493 1726 1396 134 Aussi nest il terre monde ou contree

2498 1844 1653 134 Que tant desire qui nous soit rencontree

2503 1951 1257 128 Pour sollager noz fatigees nefz

2498 2058 1268 123 Que celle la ou sont issus et nez

2498 2176 1503 128 Aucuns des nostres dela troyenne reste

2493 2283 1412 128 Et mesmemant le noble roy Acexte

2503 2395 1193 128 Ou aussy sont enseueliz les oz

2493 2507 1444 112 De mon feu pere en bien cureux repoz

2487 2609 1273 123 Quant il eut dit et parolle finie

2482 2716 1428 133 Tout droit tirent au port de Sycanye

2503 2839 1594 117 Les doulx zephires leur donnerent sccours

2493 2940 1476 134 Dont tost y furent asses de legier cours

2493 3058 1476 117 Et en fin uindrent apres diuerse peine

2487 3159 1375 129 Ioyeulx et aises en la cognue areine

2557 3277 1573 118 Quant Acextes de sa haulte montaigne

2487 3379 1600 128 Ueit aborder le grand nombre et lenseigne

2476 3491 1536 118 De tantes nefz sans tarder plus auant

2487 3587 1429 128 Atout ses gens san alla au deuant

2487 3699 1418 129 Querant secours de ses gens et aides

2487 3822 1594 129 Auecques dars et peaulx deurs lybystydes

2487 3940 1723 128 Craignant pour uray les doubtes et dangiers

2487 4047 1407 123 Et les rapines daduenes estrangies

2503 4165 1568 117 Mais quant celuy qui de mere troyenne

2487 4266 1289 128 Estoit yssu ueit la nation sienne

2493 4373 1332 123 Non oblieux de ses propres parens

2487 4480 1279 134 De ses consors et nobles adherens

2493 4598 1690 128 Moult eut lors ioye moult ensemble festoiẽt

2487 4705 1514 123 Bien fut il aise dont retournez estoient

2493 4817 1380 117 En son pais Si les uoulst recepuoir

2482 4924 1482 176 Et de plaisirs et bienfaiz les pouruoir
