5307 6416
1123 641 1493 198 En son palays ioyeusemen les maine

1139 791 1658 171 Habandonnant les fruitz de son dommaine

1214 908 1498 166 Le landemain quant le iour sauanca

1123 1026 1450 160 Uers loriant qui du hault ciel chassa

1128 1138 1514 155 Toutes estoilles et le nocturnal umbre

1144 1256 1402 134 Lors Eneas appella tous en nombre

1150 1368 1417 145 Les siens consors espendus sur le port

1139 1464 1642 156 Et pour myeulx faire a tous cõmun raport

1144 1582 1488 155 De sa parolle et que myeulx leur appere

1150 1694 1546 155 Sur le tumbeau monta de son feu pere

1150 1812 1273 134 Disant o uous dardanides yssus

1150 1914 1567 155 Du noble sang des haultz dieux de lassus

1155 2031 1396 139 Entendes moy certes ie uous declaire

1144 2138 1290 134 Le cours annal et lorbe circulaire

1155 2245 1450 155 Est accompli par les mois compassez

1160 2347 1584 155 Que par nous furent en ce lieu enchassez

1155 2464 1418 150 Et mis en terre les otz et les reliques

1150 2577 1524 155 De mon diuin pere tant autenticques

1160 2684 1482 155 Et y sacrasmes lamentables aultiers

1144 2790 1627 177 Les douze mois sont escheux tous entiers

1166 2913 1396 134 Or est le iour si trop ne suis deceu

1166 3031 1332 134 Qui a iames sera par moy receu

1166 3138 1310 123 Et repute en honneur et tristesse

1166 3245 1487 144 Par chacun an en feray deil sans cesse

1150 3352 1343 144 Tousiours sera ce funeral doulu

1171 3459 1578 160 Puis que uous dieux ainsi laues uoulu

1160 3576 1359 139 Et pour certain si or banny estoye

1166 3689 1252 139 Ou exille en la doubteuse uoye

1166 3790 1599 155 Et aux dangiers des grans sirtes getules

1176 3908 1477 150 Ou detenu sans auoir graceᷤᷤ nulles

1166 4020 1423 134 Au plus destroit de largolique mer

1176 4138 1418 133 Ou bien captif en regret trop amer

1166 4239 1498 155 Dedans mycennes toutesfois ie feroie

1160 4352 1231 144 Ueultz ciminelz et executeroie

1187 4448 1669 166 Pompes en ordre grandes et sollempnelles

1176 4571 1407 139 Et bastirois ares haultes et belles

1187 4683 1514 139 Plaines de dons en lhonneur et recors

1166 4795 1540 129 De mon feu pere dont ycy gist le corps

1193 4908 1428 117 Or sommes nous arriues et uenus

1171 5009 1616 171 Tout de bon gre sãs perilz et maulx nulz

3022 604 1434 176 La ou repousent les uenerables cendres

3017 743 1669 176 Du myen anchise et ses otz beaulx et tendres

3011 871 1429 146 Si croy pourtant que cecy ne cest fait

3006 973 1503 165 Sans gre des dieux et sans diuin effect

3022 1096 1343 144 Par leur uouloir et bonte piteable

2990 1208 1375 150 Sommes uenus ace port amyable

3006 1315 1428 155 Donques agez soyons tous curieux

3022 1432 1263 150 De celebrer ores honneur ioyeulx

3038 1534 1418 155 Prions les uens et que mon sacrifice

3006 1646 1530 166 Soit acceptable aux temples et propice

3027 1769 1001 134 En la cite qui bastie sera

3044 1876 1439 145 Ou tous les ans tel honneur se fera

3044 1988 1118 139 Ie roy Acexte iadiz issu de troye

3027 2085 1547 149 Deux chez de beufz nous deliure et octroye

3022 2213 1418 144 Doncques tires noz penates diuins

3049 2320 1214 139 Et festoies de uiandes et de uins

3049 2411 1605 155 Les dieux patries et ceulx quon noure cole

3054 2545 1397 139 Le nre Acexte et que souuent recolle

3054 2651 1386 145 Et par apres si laurore neufuiesme

3044 2758 1487 139 Aporte iour beau et plaisant de mesme

3060 2871 1251 133 Et que le ciel en luysant appareil

3054 2978 1145 149 Soit embelli de radieux soleil

3060 3090 1337 144 Iordonnere pour bataille premiere

3054 3197 1530 150 Dedans lamer que la nefz plus legiere

3060 3309 1374 144 Et qui plus tost aura la terre pris

3065 3421 1166 139 Aura en fin le loyer et le pris

3060 3528 1535 150 Au lendemain celuy qui myeulx adestre

3065 3641 1455 155 Pourra courir en la place champestre

3070 3758 1397 145 Et qui aussi a la longue poursuite

3076 3865 1380 161 Sera hardy pour sonstenir la luyte

3086 3972 1450 155 Ou qui scaura le plus loing descocher

3065 4079 1578 166 Dart et saiecte et droit au blanc toucher

3076 4202 1326 134 Du fors lians et de robuste taille

3076 4304 1503 144 Rompre et briser damoureuse bataille

3065 4411 1546 155 Tous soient prestz et le loyer attendent

3081 4523 1423 155 Dela palme meritee ou ilz tendent

3081 4630 1573 160 Donnez faueur a ses esbas nouueaulx

3086 4737 1707 165 Faictes couronnes sur uoz chiefz de rameaulx

3167 4849 1690 155 Quant il eut dit son chief aorne et queuure

3054 4961 1701 187 De uerte myrte que bien tost il recueuure
