5307 6416
2369 545 1643 176 Et se mesla sans nulz semblans austeres

2359 689 1567 155 Par les liqueurs et par diuins pateres

2369 802 1616 133 Mangeant les uiures et uiandes usant

2364 908 1632 139 Dont Eneas feist aux dieux son present

2369 1021 1627 144 Et tout apres sans faire mal quelconq̃

2369 1133 1600 139 San retourna en la grande spelunque

2375 1235 1466 149 Dont fut yssu et laissa les aultiers

2364 1347 1386 144 Depopules de tous uiures entiers

2369 1454 1407 144 Et quant Enee se prodige aduisa

2375 1566 1551 144 Si fut soingneux et bien tost proposa

2343 1662 1669 161 Fere a son pere plus grans hõneͬ et festes

2380 1775 1648 139 Et ĩmoler ung grand nombre de bestes

2380 1892 1477 145 Incertain est du Serpent sil est dieu

2380 2010 1300 123 Dit gemus protecteur de ce lieu

2386 2117 1481 133 Ou du seruant de son feu pere lame

2380 2218 1691 150 Dont le corps fut au luy dessoubz la lame

2380 2331 1691 144 Si feist occire cinq pourceaulx cinq brebis

2380 2432 1653 155 Et cinq beufz noirs choisis par les herbis

2391 2528 1824 166 En fundant uin en grans uesseaulx notables

2386 2662 1497 145 Sur les aultiers et sur sacrees tables

2386 2774 1594 129 Appellant laine Danchises leans mis

2391 2881 1300 139 Et les esperitz renuoyes et remis

2375 2999 1423 139 De linfernal fleuue dit acheronte

2353 3101 1707 149 Tous ses consors lesquelz ioye surmonte

2396 3208 1568 139 Ainsin sapliquent et font chñ leͬ don

2396 3320 1546 133 Et remplissent aultiers en habandon

2386 3432 1465 139 Toreaulx ottient et en font sacrifice

2391 3544 1396 145 Et les aulcuns selon diuers office

2391 3646 1690 144 Grans potz de cuiure colloquent en leͬ lieux

2386 3769 1599 139 Aultres espars sur lerbe pour le myeulx

2402 3876 1663 144 Font feux et flãmes et le brazier attizent

2369 3972 1793 160 Pour que les chairs myeulx routissẽt ⁊ cuysẽt

2396 4100 1621 145 Que diray plus tantost et sans seiour

2402 4218 1332 139 Fut aduenu le neufuiesme iour

2402 4320 1535 117 Moult attendu qui en clarte seraine

2402 4411 1792 165 Par les cheuaulx de pheton sans grãd peine

2396 4539 1509 133 Au beau matin en luisant appareil

2407 4640 1380 145 Feit apparoistre le radieux souleil

2332 4758 1412 139 Renommee par ses legieres esles

2418 4860 1567 192 Porta le bruit le lotz et les nouuelles

497 550 1455 193 Ainsin le feist Helymus pour certain

502 716 1445 155 Et Acextes roy ia uieulx et loingtain

502 839 1311 139 Si feist certes le beau filz ascanye

508 946 1305 139 Et le surplus de toute la mesgnye

508 1058 1294 123 Et quant il eut finy ce conseil la

492 1154 1535 150 Droit au sepulchre Danchises san alla

502 1267 1563 149 Accompaigne de meintz miliers de gent

502 1374 1589 149 Au meilleu deux se monstroit bel et gent

508 1481 1599 149 Et quant la fut incontinant pour erre

502 1598 1252 145 Du sacrifice il espendit a terre

508 1694 1808 161 Deux plaines cartes de uin tout pur sãs eaue

513 1817 1648 139 Et deux aultres plaines de lait nouueau

513 1914 1701 144 Et puis en gecta deux aultres toutes plaĩes

497 2031 1642 145 De sang sacre sur les blanches araynes

513 2144 1445 128 Et getta fleurs uermeilles et rousees

524 2256 1412 133 Par tout ce lieu a leuure dispousees

513 2363 1375 144 Disant o pere tressainct ie te salue

524 2470 1300 139 Et uous cendres de sidigne ualue

497 2577 1514 139 Qui cy gisez ame et umbres paternes

518 2689 1434 144 Ie uous salue en tous siecles eternes

524 2801 1460 139 Helas pourquoy ne mest il aduenu

513 2919 1348 133 Quauecques toy ie soye paruenu

518 3015 1547 134 Au champs fataulx et au fins dytalie

529 3133 1412 139 Et uoir le timbre en la terre ausõnye

615 3240 1455 123 A peine eut dit et sa uoix lors suspent

529 3347 1621 133 Quant tout a coup ung lubricq̃ Serpent

508 3453 1594 139 De leans sault faisant sept tours et gires

524 3555 1701 150 Non toutesfoiz monstrant rigueurs ne ires

524 3678 1562 150 Car doulcement le tumbeau embrassa

524 3801 1492 139 Puis par les ares sa traynee auanca

529 3919 1439 112 Dessus son doz eut notes et macules

502 4015 1568 134 Toutes iaulnes flamboians et cerules

534 4122 1573 144 Et ses estailles comme or cler reluisans

518 4234 1413 128 Bien colloquees et par ordre duisans

518 4336 1670 128 Tout ainsin certes comme dedans les nues

524 4453 1530 145 Fait larc celeste au quel sont apperceues

529 4560 1439 118 Mille coulleurs que nature y incite

524 4672 1337 123 Quant le soleil reluist a lopposite

529 4779 1198 118 De telle ueue Enee se troubla

524 4881 1492 176 Puis se Serpent le sien corps assembla
