5307 6416
3049 550 1637 145 Au sang romain iusque a heure presente

3060 695 1257 117 Sa nef scylli a ce fait diligente

3118 802 1482 128 Dedans la mer assez loing la endroit

3060 914 1605 117 Eut ung rochier grand spacieux et droit

3060 1026 1530 112 Ou les undes leurs escumes gectoient

3060 1128 1701 128 Quant maintesfois les uens les agittoient

3054 1251 1364 117 Et tant estoit ce rochier surmonte

3054 1363 1434 112 Asses souuant par grande quantite

3054 1464 1573 113 Deaux et de mer que durant tel oraige

3060 1582 1685 118 Rien ne paroist tant fust en hault estaige

3054 1684 1584 123 En ce droit lieu les chores uens hybernes

3054 1801 1680 118 Cachent les astres en profundes cauernes

3044 1914 1663 117 Mais quant le temps ẽ soif et tranquille

3054 2026 1552 118 Et que la mer est doulce et immobile

3054 2138 1525 128 Sur ce rochier ya ung champ ouuert

3054 2245 1290 123 Dabres et fleurs delicieux et uert

3060 2363 1754 112 Ou les oyseaux marins font leur demeure

3054 2470 1701 123 Et y prenent leurs plaisirs a meinte heure

3049 2577 1578 128 Sur ce hault lieu meist Enee le signe

3054 2689 1525 118 Et le lymite pour la bataille insigne

3054 2796 1407 123 De uertes feilles et branches y pousa

3038 2908 1739 150 Ung grand signacle quil mesmes ꝯ pousa

3049 3031 1562 128 Pour enseigner aux notoniers la prise

3065 3149 1295 112 Et circuit de toute la pourprise

3054 3240 1589 117 Lors eslirent chacun leurs lieux par sort

3054 3352 1643 117 Dedans leurs nefz de triumphant apport

3049 3459 1407 123 Toutes pareez de long dor et de soye

3049 3571 1658 139 Les chiefz et ducz au dedans menent ioye

3049 3694 1605 112 Et le surplus de touts les ieunes gens

3054 3806 1675 118 Arment leurs corps robustes beaux et gẽs

3049 3919 1567 123 De grans rameaulx et feilles populees

3049 4026 1257 123 Les espaules nues et despoillees

3049 4132 1616 129 Furent moillees duylle qui bien duysoit

3054 4250 1429 123 A lexcercisse dont leur corps reluisoit

3054 4357 1734 112 Les cordes prenent aux auirons entendent

3060 4469 1401 118 Et le signe de desmarcher attendent

3054 4576 1541 118 Desir esmeult leurs reioissans cueurs

3060 4678 1631 123 Et la gloire destre premiers uainqueurs

3054 4790 1621 128 Lors tost apres hault sonna la trompete

3065 4902 1567 166 Pͬ que chacun en son debuoir se mecte

1166 566 1717 155 Es lieux uoisins dont plusieurs estrangiers

1171 689 1717 139 Et nobles hommes uouleurent uouluntiers

1171 807 1648 128 Uoir ceulx troyans qui leans se festoient

1182 919 1610 123 Pour cognoistre de quelle sorte estoient

1160 1031 1423 123 Aussi le nom du noble roy Acexte

1166 1144 1391 123 Ace les meult et ace les infeste

1176 1256 1755 134 Si uindrent doncq̃s par les cõmuns rapors

1171 1368 1359 118 Diuerses gens a border a ses pors

1171 1475 1610 118 Et la plus part pour deduire et esbatre

1171 1582 1557 123 Au les troyans et au eulx se combatre

1171 1689 1541 128 Si furent mis les dons et les ioyaulx

1171 1807 1701 133 Au lieu publicque ou les esbas nouueaulx

1171 1919 1418 139 Fere se doiuent et les sacrez tripodes

1171 2037 1680 128 Uertes couronnes en moult diu̾ses modes

1176 2144 1696 122 Et palmes nobles y furent pour la gloire

1171 2256 1642 133 De ceulx qui la pourront auoir uictoire

1176 2379 1440 112 Armes et robbes de riche parement

1182 2480 1658 107 Grans talens dor et dargent largement

1182 2587 1642 113 Lors la trompete a haulte uoix resonne

1176 2700 1568 117 Et par son cry fait assauoir et sonne

1176 2801 1750 139 Que tous prestz fussent poͬ estre guerdõnez

1171 2919 1659 139 De cõmancer les beaux ieux ordonnez

1182 3036 1631 134 Incontinant quatre nauires belles

1198 3143 1567 129 Toutes pareilles et en forte rebelles

1176 3250 1482 123 Marchent et tirent a force dauirons

1160 3357 1493 118 Ala bataille par tous les enuirons

1171 3469 1642 140 Puis tout acoup menesteus scauance

1176 3582 1349 123 Au sa pistre legiere en diligence

1176 3705 1193 117 Menesteus qui puis ytalien

1171 3812 1439 112 Fut dont issit lors le nom meinian

1176 3919 1397 133 Syas aussi au sa chimere grande

1171 4026 1359 128 Accompaigne de dardanye bande

1176 4138 1643 128 Forte et robuste uint courant a trauers

1182 4250 1498 134 Sa nef poussee estoit par triples uers

1187 4362 1616 118 Et tant fut haulte et en euure subtille

1182 4469 1610 129 Quelle sembloit en grandeur une uille

1187 4587 1616 118 Puis Sergestus dont la maison Sergie

1187 4694 1616 118 Tient or le nom sa nef maine et charrye

1187 4795 1600 118 En cest endroit et aussi feit Cloanthus

1144 4902 1595 204 Du nom du quel reluisent les uertus
