5307 6416
2444 566 1568 155 Lors Gyas prince au meilleu de ce cours

2439 721 1610 123 Tendant a gloire par dilligent secours

2423 828 1471 123 Dist a Menetes ducteur de sa nauire

2428 941 1386 128 Ie mesbahis ou ton couraige tire

2434 1047 1487 118 Mais ou uas tu ainsin a dextre part

2402 1154 1610 129 Tourne ton cours en arriere et appart

2434 1272 1578 123 Suiuant le bort et les sinistres uoyes

2434 1379 1744 112 Pres des rochiers mais q̃ bien y pouruoyes

2439 1486 1589 118 Lesse les aultres suuire la plaine mer

2439 1598 1551 118 Si bon leur semble et undes escumer

2509 1705 1621 118 Cela luy dist mais Menetes eut crainte

2434 1807 1567 123 Que sa nef fut absorbee et contrainte

2428 1919 1429 118 Entre rochiers incogneuz et cachez

2428 2031 1578 123 Si furent certes ses aduirons laschez

2396 2144 1766 117 Tournant la prore en la mer ãple ⁊ large

2428 2245 1605 128 Et lors Gyas plus fort le tance et charge

2428 2363 1578 123 Disant o homme miserable et diuers

2428 2480 1605 118 Pourquoy uas tu en ce point a trauers

2423 2582 1503 123 Faiz ce que dy tourne la nef a dextre

2434 2694 1567 134 Entre les rochies par la uoye senextre

2503 2807 1423 122 Ainsin ꝑlant il uit tantost apres

2428 2924 1407 118 Derriere luy Cloante qui ia pres

2428 3031 1616 118 Loultrepassoit qui tant feist diligence

2428 3143 1669 118 Que tout a toup la sienne nef auance

2434 3261 1305 112 Entre celle de Gyas et les roches

2434 3368 1578 118 Et ce rasa en faisant ses approuches

2434 3475 1466 123 Par le chemin senestre ainsin passa

2418 3582 1594 128 Subtilement et plus loing se poussa

2412 3694 1562 128 Lors eut Gyas le ieune grand douleur

2428 3812 1354 117 Et luy mua de despit la couleur

2418 3913 1722 129 Aux yeulx luy uint poͬ cest exploit la lerme

2418 4031 1621 123 Iacoit quil fut uertueux rude et ferme

2423 4149 1434 117 A ce besoing son honneur ny ualut

2423 4261 1439 123 Car le guidon de son propre salut

2418 4373 1465 112 En mer getta de sa nauire haulte

2418 4480 1626 123 Qui par ap̃s luy peulst bien faire faulte

2423 4587 1600 123 Et il mesmes se feist maistre et recteur

2418 4699 1498 123 Du gouuernail et le seul directeur

2418 4812 1524 117 Ses gens exhorte et sa fuste detourne

2418 4924 1653 155 Droit au riuaige ou son desir ladiourne

561 534 1718 187 Incontinent ensemble a qui mieulx mieulx

551 711 1449 133 Issirent tous des fins et de leurs lieux

556 818 1776 123 Clameur nautique iusq̃s au hault ciel mõte

545 930 1445 133 Force de bras et dauirons surmonte

534 1042 1621 118 Toute la mer si que les grandes eaulx

545 1154 1755 123 Font ouuerture par tranchemãs noueaulx

540 1261 1508 118 Uagues et undes ca et la se departent

551 1379 1706 112 Par les pointes des naues qui les partent

561 1481 1231 117 Brief cheriotz agilles et legiers

556 1593 1460 117 Ne uont si tost par uoyes et sentiers

556 1694 1781 123 Quant les aurigues les conduisent et mẽnẽt

545 1807 1653 123 Cõme ses nefz qui en mer se demennent

508 1919 1664 118 Tant fut le bruit grand et haulte la uoix

540 2021 1557 123 Des contendens que la mer et le bois

540 2133 1508 128 Es ẽuirons par tout retentissoient

545 2245 1659 123 Pour les grans cris qui de chacũ yssoient

518 2357 1712 129 Tous les riuaiges les rochiers et les mons

540 2470 1594 117 Resultoient par leurs diuers sermons

534 2577 1568 123 Au loing courir les aultres oultrepasse

540 2689 1749 144 Es eaulx premieres par assez longue espasse

545 2807 1530 117 Le fort Gyas par cault auancement

545 2913 1423 123 Entre la turbe et le fremissement

545 3020 1530 129 Et tost apres Cloantus luy fait suyte

545 3138 1546 123 Car bien auoit pour legiere poursuite

540 3250 1519 113 Fors aduirons mais sa nef tarde fut

534 3352 1573 123 Pour sa grandeur qͥ trop mal le deceut

534 3464 1407 118 Apres ceulx la par egalle maniere

534 3571 1445 123 Alloit la Pistre dilligente et legiere

534 3683 1659 129 Et la Centaure qui bien cuident auoir

529 3796 1455 123 Le lieu premier et aultres deceuoir

529 3903 1525 128 Aucunesfois la Pistre alloit deuant

529 4015 1685 123 Et la centaure tout acoup plus auant

524 4122 1530 139 Aucunesfois ensemble cheminoient

524 4239 1701 134 Et le ͬ deux frons lung a laultre ioignoiẽt

513 4346 1573 134 Les grandes eaulx et les undes sallees

502 4464 1605 123 Detranchoient ꝑ leurs longues allees

513 4571 1589 134 Ia cõmãcoitt attindre et approuchier

513 4678 1568 139 Par leur trauail du desireux rochier

513 4795 1509 123 Et ia tenoient la mette et le limite

476 4902 1540 161 Pͬ paruenir au pris de leur merite
