5307 6416
3118 491 1568 188 Lors trauaillẽt toꝰ dung cõmũ effort

3038 662 1627 129 Aux auirõs procumbent ferme et fort

3044 780 1690 128 Si q̃ la nef haulte fremist et tremble

3049 887 1637 144 Poͬ les grãs coups q̃ chacũ y assemble

3049 1005 1509 117 La mer tranchent ꝑ si tresforte paine

3033 1112 1712 144 Que p̾sque sont en la plus grose alaine

3049 1229 1498 118 La bouche ont sesche ꝑ penible labeur

3049 1342 1573 112 Et tout leur corps est rempli de sueur

3038 1448 1466 123 Que reste plus le cas et la fortune

3044 1555 1572 118 Ace besoing leur fut tant opportune

3044 1662 1615 129 Quilz obtindrent lhonneͬ tant desire

3054 1785 1364 118 Et le plaisir que tant ont espere

3038 1892 1589 129 Car Sergestus en couraige feruant

3044 1999 1744 134 Cuidant contraindre sa naue plus auãt

3027 2117 1712 133 Uers les rochiers et gaigner p̾mier place

3044 2229 1497 118 Entra acoup en trop inique espace

3044 2341 1642 123 Dont fut surpris et cloz le malheureux

3044 2454 1514 117 En yceulx rocz couuers et dangereux

3044 2561 1460 123 Les auirons et les perches tendues

3044 2678 1492 118 Furent brisees en ses pierres aigues

3044 2785 1390 118 La demoura pendue et de couste

3049 2892 1455 123 La nef fendue par sa malheurete

3044 2999 1562 128 Lors nautõniers seslieuent et sescriẽt

3038 3122 1701 128 Par grand clameur au derriere supplient

3049 3229 1492 118 Coutes aigues et les trudes ferrees

3054 3347 1514 117 Sont tost par eux cuillies et serrees

3054 3459 1557 117 Et bien amassent les auirons brisez

3049 3566 1353 128 Dedãs le cours et en mer espuisez

3054 3683 1343 118 Menesteus ioyeux deladuenture

3044 3790 1594 118 De plus en plus dilligente et procure

3044 3903 1342 117 Agrand force de remes esgallez

3038 4015 1354 117 Aiant leᷤᷤ uens a souhait appellez

3049 4127 1616 118 En mer sauance et par la uoye apperte

3044 4239 1626 118 Court et chemine pour escheuer sa perte

3038 4352 1664 117 Tout en ce poĩt cõme columbe esmehue

3044 4453 1572 123 En sa spelunq̃ quãt quelcũ la remue

3054 4571 1616 123 Elle a maisõ et ses nidz beaux et duitz

3049 4683 1412 118 Eddiffiez dedans obscur partuis

3038 4785 1691 117 Ainsin troublee aux chãps sen fuit et uolle

3038 4902 1520 145 Poͬ que nesung ne la tue ou affolle

1150 486 1663 209 Quant Menetes ia poisant et fort uieux

1155 679 1311 133 Fut a peine releue des bas lieux

1144 780 1734 155 De mer profunde tout plaĩ deaue et de honte

1155 898 1653 139 Incontinãt sur le hault rochier monte

1160 1010 1322 128 Et lors se siet desus la roche seche

1155 1128 1498 139 Sa robbe moitte la essuye et desceche

1160 1235 1472 128 Bien fut mocque et hue des uoyans

1155 1347 1541 128 Bien sen rirent de ce fait les troyans

1176 1454 1803 123 Quãt choir le uirent et quãt en la mer noue

1155 1561 1653 123 Et quant aussi le ueirent plain de bouhe

1155 1673 1626 134 Pres du rochier tournoyant et yssant

1160 1785 1605 134 Les eaulx salees de son corps uomissant

1160 1898 1520 117 Lors Sergestus et Menesteus eurent

1144 2005 1675 133 Ioye meilleure et grant espoir receurent

1160 2117 1579 133 De surmonter Gyas qui demouroit

1155 2229 1471 118 Et qui sa nef conduire la bouroit

1160 2341 1675 129 Iacoit pourtãt que Sergestus lors passe

1139 2443 1691 128 Premier des deux p̾nant le lieu et place

1155 2561 1573 123 Et approucha leplus pres du rochier

1160 2673 1670 134 Mais ia ni sceut du tout sa nef toucher

1155 2785 1498 123 Car la Pistre de lataindre enuieuse

1155 2897 1765 123 La suit de pointe et luy est dommaigeuse

1155 3010 1386 123 Menesteus lors en sa nef estant

1160 3122 1616 118 Incessamment ua ses gens exhortant

1144 3229 1466 128 Disant o uous hectoriens consors

1155 3341 1685 123 Que iay esleuz de troye aux derriers sors

1155 3453 1509 118 Or ẽ il temps que uoz uertus on uoie

1155 3566 1573 123 Et que chacun a ce besoing pouruoye

1155 3673 1557 133 Monstres ores les forces et couraiges

1150 3790 1647 118 Que uous eustes aux getules oraiges

1155 3897 1348 123 Et en la mer yonye et aux undes

1155 4010 1675 122 Du promontoire malee trop profondes

1144 4122 1536 117 Ia ne demande p̾mier au lieu uenir

1150 4229 1455 133 Et ia ne quier la uictoire obtenir

1150 4346 1680 123 Mais uainquẽt ceulx o doulx ꝑe neptune

1155 4459 1375 117 Aqui tu as ordonne la fortune

1155 4571 1664 118 Uoꝰ mes consors en qui nous esperons

1139 4667 1658 128 Faictes au meĩs q̃ pas ne demourons

1150 4779 1535 129 Derriers de toꝰ fuiez telle uergoigne

1150 4886 1482 161 Et deffendes si treslasche besoingne
