5307 6416
513 556 1610 133 Grand bruit menne de ses esles deuant

513 679 1728 128 Quelle desloge mais quant elle est au uẽt

518 796 1659 128 Et haulte en lair lors elle doulce ⁊ blãche

513 908 1744 134 Sans mouuoir esles aĩsĩ lair raze⁊ trãche

502 1026 1472 128 Iusques atant que retournee soit

508 1133 1589 123 Au premier lieu ou son seiour estoit

513 1251 1380 123 Ainsin le feit Menesteus a lheure

513 1358 1701 117 Qui au sa pistre detrancha sans demeure

513 1464 1584 129 Les mers derrieres et le port fluctueux

518 1577 1514 117 Ainsin uolla par cours impetueux

513 1689 1691 123 Tant quil laissa Sergeste en celle attẽte

513 1801 1461 123 De paruenir a la roche eminente

508 1903 1674 134 Qui au gue bas pour neant ĩploroit

513 2021 1423 123 Auoir aide et en uain labouroit

513 2127 1669 123 Cuidant courir car toꝰ rompꝰ estoient

518 2240 1627 133 Ses auirons et en la mer flotoient

518 2352 1670 123 Menesteus aussi sans grand mistere

486 2464 1530 123 Tost eut passe Gyas et sa chimere

508 2566 1765 128 Non sans raison car sa nef plus nauoit

513 2684 1675 123 Le gouuerneur qui mener la scauoit

508 2796 1728 128 Plus ne restoit quoultrepasser Cloante

502 2908 1541 128 Qui p̾s estoit dont tost se diligente

524 3020 1439 118 Menesteus et tant fort sauanca

524 3127 1583 123 Quil et les aultres au derriere laisa

524 3234 1653 123 Lors se doubla la clameur et sesforcent

508 3347 1605 128 Aller deuant et leur pouer rensforcent

492 3453 1770 145 Tout lair fut plain de leͬ bruitz de leͬ faitz

454 3582 1605 117 Tous sont enclins a porter rude faix

502 3689 1718 128 Ilz desdaignent leur prop̃ hõneur acquis

502 3806 1568 118 Pour paruenir a cestuy tant requis

513 3908 1680 123 Et sont contens bailler uie en oustaige

481 4020 1530 123 Pour obtenir de louenge partaige

492 4122 1198 139 Felicite et espoir les norrist

454 4245 1653 123 Tous ont attente qui a ce les cherist

497 4352 1664 123 Ilz ont pouer se leur samble infallible

492 4459 1567 133 Puis q̃ la chose est de faire possible

508 4576 1428 123 Et peult que tous fussent uenus

508 4689 1508 117 Esgallement et au loz paruenus

502 4790 1755 134 Si Cloante neust les deux mains tẽdues

508 4902 1610 177 Et oroisons uers les dieux espandues

2402 534 1679 171 Les suppliant qua ce besoing prestz fussẽt

2407 695 1434 123 Luy aider et quilz le secoureussent

2402 796 1583 134 Disant o dieux en qui gist le pouoir

2386 914 1519 128 De toute mer la ou ie fois debuoir

2407 1021 1642 133 De tost courir ie uous promectz et iure

2407 1128 1680 128 Que sil uous plaist me p̾seruer diniure

2407 1245 1423 118 Et a ce pris ma nef constituer

2407 1347 1348 117 A uoz aultiers ie feray tost tuer

2412 1454 1750 123 Et immoler ung thaure blanc sãs tache

2418 1566 1728 128 Et les entrailles pour que chacũ le saiche

2407 1673 1407 134 Feray iecter en uoz fleuues salez

2391 1785 1450 134 Puis y seront espars et aualles

2402 1892 1802 129 Uins clers et bons sãs frauldre ou malefice

2412 2005 1488 128 Comme appartient a urẽ sacrifice

2498 2117 1551 128 Quãt il eut dit lors fut sa uoix ouye

2412 2229 1701 123 Es eaulx profundes de toute la mesgnye

2412 2347 1434 133 Des nereides sans estre anticipee

2412 2454 1643 123 Et de la uierge quon nõme Panopee

2412 2561 1766 133 Et Portumius lung des principaulx dieux

2402 2673 1626 134 Des portz de mer et des maritins lieux

2407 2801 1503 123 Possa sa nes auec sa main forte

2407 2903 1573 139 Si tressoudain et si tost la transporte

2402 3015 1583 128 Quonques saiecte si legier ne uolla

2412 3133 1300 112 Cõme la nef a terre lors alla

2407 3240 1412 112 Et sapplica tout de plaine uenue

2412 3352 1530 117 Ace hault port ou elle est paruenue

2471 3464 1616 123 Lors Eneas quãt tous furent sõmez

2412 3576 1680 123 Et par leurs noms appellez et nommez

2412 3694 1627 123 Feist declairer a uoix haulte et patente

2407 3806 1765 123 Par les heraulx que le seigneur Cloante

2412 3913 1750 123 Estoit uainqueur et chapeau luy donna

2407 4020 1530 134 De verte laure dont son chef aorna

2407 4132 1749 134 Grans dons ẽuoye aux nefz uictorieuses

2386 4250 1899 134 Triples iuuẽques poͬ les dieux plãtureuses

2391 4368 1519 112 Uins a foison et grande quantite

2402 4475 1508 117 Dor et dargent pour leur necessite

2402 4582 1663 117 Aux gouu̾neͬ et chiefz du nauigaige

2407 4689 1712 128 Fut lhõneͬ double et plus grãd le ꝑtaige

2412 4806 1734 123 Et au uainqueur Cloante ieune et beau

2386 4913 1615 177 Il enuoya ung tresriche manteau
