5311 6421
3046 433 1751 321 En layr se lieuent legieres hault mõtãt

3067 727 1692 150 Puis prindrent syege et doulce respousee

3073 850 1461 134 Et fut chacune sur ung arbre posee

3067 952 1681 139 Dont la lueur par les rameaulx yssoit

3078 1075 1579 139 Du reuerbere qui dor resplendissoit

3057 1182 1697 134 Tout tel sembloit certes ⁊ pareil cõme

3035 1297 1815 131 Sur branche neufue fait la glueuse gõme

3073 1401 1638 134 Au froit brumal es forestz meĩtesfoys

3078 1514 1526 128 Qui pas ne uient de semence du boys

3083 1626 1553 129 Et ẽuironne les trousses disparailles

3057 1722 1718 145 Par couleurs iaulnes crocees ⁊ uermeilles

3067 1840 1617 129 Telle estoit lors du rameau dor lespesse

3073 1947 1579 134 En arbre obscur ou gist telle richesse

3067 2060 1580 149 Par uent souef en ce point crepytoit

3051 2172 1435 134 La lãme dor qui la dedans estoit

3062 2295 1349 123 Incontinant eneas eut enuie

3067 2386 1355 139 De laracher car desir le conuie

3067 2498 1382 129 Ainsy le print et de labre lousta

3046 2611 1627 139 Puis tout a coup au lieu le transporta

3083 2723 1382 134 Ou fut sybille la sacree prophete

3073 2825 1718 144 Pendant ce temps durãt celle entrefaicte

3078 2948 1654 139 Tous les troyans pleuroyent sur le port

3073 3055 1697 134 Le leur mysene qui naguere estoit mort

3073 3162 1643 144 Et sur la cendre ingrate lors faysoyent

3078 3274 1713 139 Oeuures supremes de bien y aduisoyent

3067 3381 1392 150 Premieremẽt bastyrent une pyre

3073 3483 1798 144 Monlt grãde ⁊ haulte plus quõ ne scayroit dire

3067 3617 1719 128 Pingue de torches de boys couppes guernie

3073 3718 1670 150 De branches noyres ꝑ les coustes fournye

3083 3824 1580 146 Et au deuãt y meirent au plus pres

3067 3948 1692 134 Pour funeraille grans ferailles cypres

3078 4061 1585 128 Et par dessus en louanges patentes

3073 4157 1713 161 Meirent ses armes trescleres ⁊ luysãtes

3051 4269 1831 161 Aucuns diceulx queroyent chauldes eaulx

3067 4398 1735 128 En pot de cuyure ⁊ en larges uaysseaulx

3062 4510 1686 134 Le corps ia froit en agencent et lauent

3062 4566 1829 190 Ainsin q̃ tous au myeulx faire le scauẽt

3067 4724 1676 134 Grand pleͬ se lieue ⁊ quãt se failly corps

3062 4831 1670 145 Fut asses plaint par lermoyans accors

3040 4922 1810 193 Soubz ce hault trosne le mettẽt ⁊ le pousent

3571 5976 781 193 Robes pourprines

1145 460 1494 283 Darme pareilles se prepare et assorte

1172 727 1660 123 Et quant ainsin en son cueͬ reuoluoit

1167 829 1552 139 Toutes ses choses et a loeil regardoit

1156 947 1526 133 La forest telle sy peuplee et sy large

1177 1064 1633 129 De sa pancee tyeulx parolles descherge

1161 1171 1622 134 Las monlt aroyt de ioye grand tresor

1161 1284 1730 133 Mon doullant cueͬ sy ce beau rameau dor

1172 1360 1681 164 Ce presantoit maintenãt a ma ueuee

1172 1503 1537 129 En la forest de tant de boys pouruee

1172 1605 1686 139 Puis quãssin est o mysene sans doubte

1172 1717 1563 150 Que la prophete a dit la chose toute

1172 1840 1670 134 Uraye et certaine de ton piteux trepas

1177 1947 1499 134 Ce que pourtant ie ne cuydoye pas

1156 2049 1686 150 A paine eust dit en coupãt boys ⁊ brãches

1177 2163 1724 143 Quãt dauãture lors deux colũbes blanches

1135 2279 1541 134 Uollant du ciel en bien petite espace

1156 2391 1676 134 Uindrent passer au plus pres de sa face

1167 2504 1649 133 Puis se pouserent sur terre uerdoyant

1145 2605 1473 156 Lors le seigneͬ noble cela uoyant

1177 2723 1714 123 Congneut a couples aues maternelles

1183 2835 1654 145 Et monlt ioyeulx dresse sa uoix a elles

1172 2948 1713 150 Disant o uous oyseaulx soyes moy guides

1161 3060 1596 139 Et sy chemin y a ou nulz remedes

1167 3173 1686 139 Pour ꝑuenir au lieu plaisant ⁊ beau

1172 3280 1504 128 Ou se sacre et tant riche rameau

1167 3387 1815 149 La terre pingue au tour obũbre ⁊ queuure

1177 3504 1681 139 Conduyses moy poͬ que ie le requeuure

1172 3617 1585 133 Et toy mere tressainte ne me faulx

1113 3702 1842 166 Soustiens mes doubtes excuse mes deffaulx

1177 3810 1714 165 Quãt eust ꝑle tout doulcemẽt chemine

1183 3954 1718 128 En regardãt leur maintien ⁊ leͬ seigne

1167 4061 1616 118 Et monlt aduise ou pretendent aller

1161 4168 1719 144 De pres leur paistre et droit ou sãs uoller

1161 4280 1703 145 Lors peu a peu en uoletant cheminent

1177 4358 1692 179 Parmy le boys et sy loing ne terminẽt

1145 4516 1617 155 Leur cours legier que bien aꝑceuoir

1172 4617 1542 139 On ne les puisse ⁊ de loeil a cler uoyr

1177 4735 1692 128 Et quant ainsin ensemble uole eurent

1172 4842 1628 118 Et toutes deux au lieu uenues furent

1172 4944 1686 187 Ou est la gueulle dauerne mal santant
