5311 6421
1193 433 1574 246 Et toy enee prans uoye a ceste foys

1172 652 1713 145 Tyre ton glayue besoing as de couraige

1172 781 1831 123 Et de poytrayne monlt ferme en tel uoyage

1177 877 1665 150 Cella sans plus luy dist la dame experte

1172 1000 1644 134 Puys se descend dedans la fosse ouuerte

1172 1112 1328 140 Et il la suyt non en tymides pas

1161 1219 1569 140 Delle pourtant il ne seloingne pas

1172 1332 1751 139 O dieux puissans qui des ames doulãtes

1151 1434 1729 155 Aues lempire et uous umbres silentes

1167 1551 1547 155 Chaos aussi phegetõ plain de bruyt

1151 1674 1713 139 Lieux umbrageux par eternelle nuyt

1151 1781 1713 145 Donnes moy loy par la puyssãce uostre

1167 1899 1691 128 Que chouse ouye a cler recite ⁊ moustre

1172 2006 1617 139 Et que ie soye de narrer asses digne

1172 2113 1649 145 Choses absconses soubz t̾re ⁊ caligine

1161 2225 1805 140 Ainsy doncques obscurs ꝑ mains encõbres

1161 2338 1714 134 Soubz seule nuyt alloyent ꝑ les umbres

1199 2456 1697 112 Par les maysons de ditis toutes uuydes

1256 2532 1743 93 Par regions inanes sans aydez

1226 2560 1750 136 Tout en ce point qua la lune incertayne

1161 2664 1815 150 De soubz lumiere maligne ⁊ trop soudayne

1145 2777 1628 139 Aulcun chemine ꝑ forestz et par boys

1151 2878 1670 145 Le ciel couuert umbrageux celle foys

1167 2983 1788 157 Et lanuyt noyre tient la luĩere enclouse

1156 3103 1799 166 Sy quon ne uoyt quã doubte toulte clouse

1172 3226 1526 155 Deuãt la porte ⁊ premier uestibule

1172 3344 1633 144 Et a la gueulle dorchus ou lon ambule

1172 3461 1595 134 Ont leur cubile pleur lamentation

1177 3569 1548 144 Cures ultrixes cest leur possession

1172 3676 1574 144 Et la habites maladies tres pales

1161 3788 1751 160 Triste uieulesse et craintes non egalles

1167 3911 1740 144 Fain qui les gens induyt a mal ⁊ paine

1151 4018 1675 139 Layde soufrance et pouurete uilayne

1140 4125 1783 155 Leurs formes furent terribles a les uoyr

1145 4227 1756 166 La ueirent mort ⁊ labeur poͬ tout uoyr

1167 4355 1531 145 Et le parent de mort soporifere

1129 4451 1815 172 Ioyes mauluayses bataille mortifere

1113 4569 1853 161 Et mays les chãbres toutes faictes de fer

1156 4687 1810 150 Des eumenydes au pres de luys denfer

1156 4799 1702 155 Folle discorde qui ses crains uiperees

1135 4901 1579 187 Auoyt liees de uittes sulphurees

3067 428 1719 251 En celle place ses rameaulx espandoyt

3067 647 1783 155 Et ses uieulx bras tout au large estãdoit

3030 775 1767 129 Ung grand hosmeau opaque ⁊ disoyẽt

3067 882 1815 150 Que les uains songes leͬ siege la tenoyẽt

3046 989 1740 156 Et soubz les feilles prenoyent la repos

3057 1107 1654 134 Differãment sans ordre ⁊ sans ꝓpos

3057 1219 1820 140 En oultre ueirent de bestes maĩtes formes

3057 1337 1745 134 Diuers centaures ⁊ des scylles bifformes

3051 1439 1676 144 Et cent foys double le mõstre briaree

3035 1551 1285 145 La bellue de lerua reueree

3046 1637 1697 176 Sy feirent il celle chymere horrende

3040 1765 1906 150 Monlt fort strydente armee de flãme grãde

3051 1888 1751 145 Et mays gorgone et rapates harpies

3051 1995 1612 150 Dont il y eut plantureuses copies

3051 2113 1767 139 Et la forme de lombre ayant troys corps

3030 2225 1788 134 Tous leans furent en turbulãs accorps

3035 2338 1767 134 Lors eneas trepide et plain de crainte

3051 2450 1708 129 Tyra a coup lespee quil auoyt chainte

3030 2552 1526 144 Et presenta sans pouer abstenir

3019 2654 1879 155 La pointe a ceulx quil sent pres luy uenir

3030 2766 1718 139 Brief sy ne fust sa cõpaigne tressaige

3035 2868 1874 149 Eust couru sus cuydant leͬ faire oultrage

3030 2985 1734 145 Mays elle tost luy dist q̃ ceulx estoyent

3022 3103 1817 182 Umbres sans corps qui leans uoletoyẽt

3035 3226 1804 145 Soubz apparence de forme ⁊ soubz espece

3046 3311 1793 161 De mainte ymaige causant peͬ ⁊ tristesse

3040 3445 1735 145 Et que ꝑ glayue en uain sefforceroit

3035 3558 1751 144 De les combatre car ia rien ny feroit

3046 3665 1579 150 Et la endroit sy cõmance la uoye

3046 3772 2008 160 Qui les passans tout droyt mayne ⁊ ꝯuoye

3014 3895 1686 144 Aux grans undes dacheron tartaree

3046 4013 1515 139 Ou ꝑ uorage obscure ⁊ preparee

3024 4109 1746 155 Se gours turbide hydeusement estue

3046 4227 1606 133 Et sy uomist la rayne combatue

3035 4318 1708 171 Et la rengorge on cochyte prochain

3014 4435 1772 161 Tant est son cours uolubile ⁊ soudain

3003 4548 1612 155 Le portiteur ⁊ nautõnier terrible

3008 4655 1623 155 Nõme charon tout scalyde ⁊ horrible

3040 4767 1730 161 Garde ses fleuues ⁊ ses pyteuses eaulx

3019 4874 1815 209 La sont certes ses passe temps plꝰ beaulx
