5307 6416
2466 401 1797 294 Poͬ quelle cause la riue aulcũes layssent

2455 673 1765 139 Et les aultres trauaillent et ne cessent

2466 791 1647 133 Passer les portz lynides ⁊ tant noyers

2466 903 1894 128 Pour ꝑuenir ne scay en quieulx mãnoyrs

2460 999 1712 155 Sy luy respond asses en briefue adresse

2460 1128 1546 128 Celle ãciẽne et longeue prestresse

2460 1218 1440 150 Filz danchises diuine geniture

2460 1342 1675 144 Entends ⁊ note ceste triste aduẽture

2466 1464 1487 129 Ce q̃ tu uoys ⁊ q̃ scauoir pretens

2471 1566 1664 134 Sont de cochyte les dãgereulx estans

2460 1673 1675 139 Et le palus stigye que tropt craygnẽt

2434 1780 1856 150 Les dieux iurer qͥ leurs sͬmãs nẽfreignẽt

2466 1898 1524 144 Ceste turbe que tu uoys affamee

2471 2021 1701 128 De cheminer est sans terre inhumee

2466 2122 1717 144 Ceulx que charon ꝑ les undes trãsporte

2466 2240 1642 128 Ont eu certes sepulture a leur sorte

2466 2347 1685 133 Car aultremẽt ne leur seroit ꝑmys

2466 2454 1615 139 De passer oultre ⁊ destre a riue mys

2444 2566 1723 134 Iusques a tãt q̃ leurs otz ⁊ leurs mẽbres

2460 2678 1728 145 Prẽnẽt repos en sepulcrines chambres

2466 2796 1763 123 ꝑ cent ans errent ⁊ ꝑ cẽt ans uolitẽt

2455 2913 1739 134 Autour du port ⁊ tousiours y habitẽt

2455 3020 1653 145 Finablemẽt sont receuz et sen uont

2476 3138 1654 134 Oultre le fleuue ou tãt de desir ont

2444 3256 1707 133 Lors sarresta en doulante maniere

2450 3373 1637 129 Le duc enee tyrant son pie arriere

2460 3466 1755 148 Gestant son cueͬ en meint ꝓpos oblique

2434 3592 1594 129 Et eut pitie de se sort tant inique

2423 3699 1642 113 Sy ueit ylec aulcunes tristes gens

2455 3806 1589 145 De hõneͬ de mort carens ⁊ indigens

2466 3924 1578 134 Cest ascauoir oronte ⁊ lencaspye

2471 4031 1685 144 Lung deux ducteͬ fut de la nef lycye

2460 4149 1675 133 Et quãt de troye au eneas ptyrent

2466 4255 1781 139 P mers uẽteuses qͥ souuãt leͬ meffairẽt

2439 4373 1664 134 Le uent austre les noya en ses eaulx

2460 4480 1712 150 Et feist perir hõmes ⁊ leurs uesseaulx

2455 4608 1605 129 Apres il ueit palynure aproucher

2466 4715 1551 134 Gubernateͬ de sa nef quil tint cher

2466 4806 1722 150 Celluy nagueres passant la mer libiq̃

2460 4924 1718 192 Et des estoilles gardãt le cours lubriq̃

593 395 1680 278 Cil auoit barbe inculte ⁊ sans mesure

577 646 1691 156 Yeulx flãbeans sy cõme ardant fulgure

577 775 1712 133 Sur ses espaules eut ung mãteau noue

583 887 1583 139 Hort et nõn digne destre gueres loue

583 999 1492 139 Cil gouuernoit sa petite nasselle

567 1085 1808 160 Au uerge longue ⁊ luy ministroit uoille

572 1213 1541 145 Et trẽspassoit en sa cymbe royllee

583 1336 1728 139 Mainte poure ame de son corps despoillee

577 1454 1461 123 Cil qui ia uieulx et ancien estoit

556 1555 1696 134 Uerte uieulesse pourtant le supportoit

572 1668 1744 133 Toute la turbe de ceulx qui descendoyent

556 1769 1712 150 La au ryuaige du fleuue se rendoyent

556 1887 1599 134 Meres ⁊ hõmes et les corps examines

561 1988 1851 150 De maintz nobles puissãs ⁊ magnanimes

567 2111 1813 139 Enfans ⁊ filles ⁊ maintz iennes mourãs

561 2218 1691 134 Deuãt la face de leurs propres parens

577 2325 1659 150 Tel fut le nõbre en sy grãt multitude

577 2454 1675 133 Cõe en autõpne au p̾mier froit ⁊ rude

577 2561 1498 139 Feilles cheent en grande quãtite

572 2678 1632 139 Des haultes arbres ou furent en este

572 2790 1610 139 Ou tout ainssin cõe le froit amasse

561 2897 1862 150 Oyseaulx sãs nõbre ⁊ oultre mer les chasse

577 3031 1616 123 Et les ẽuoye aultre terre querant

572 3133 1669 133 Fertille ⁊ doulce poͬ leͬ uye garant

540 3234 1771 145 Les plus prochains en p̾ant attẽdoyent

540 3347 1771 144 Oultre passer ⁊ les deux mains tẽdoyẽt

556 3469 1573 134 Pour le desir et uolunte hastiue

556 3576 1846 139 Que tous auoyent dataĩdre laultre riue

545 3694 1691 134 Mays le triste nautõnyer impiteulx

518 3801 1691 134 Ne prenoit garde a la qualite deux

518 3924 1771 123 Ains en passoyt en sa naue ãciẽne

534 4020 1921 150 Puys ungs puys aultres a la uolũte syẽne

551 4149 1690 128 Et sy aulcũ tropt au loing se tenoyt

534 4255 1739 145 Monlt le blasmoyt ⁊ fort le reprenoyt

524 4373 1546 128 Lors eneas tout trouble ⁊ esmeu

540 4469 1733 150 Du grand tumulte sy fut de pitie meu

545 4582 1755 144 Dont print a dire o uierge en qui me fie

540 4689 1487 149 Dy sil te plaist que cecy signifie

545 4801 1803 144 Poͬ quoy tãt dames au fleuue prẽnẽt cours

545 4918 1744 172 Que quierẽt elles ne ou est leur recours
