5307 6416
534 417 1745 294 Mays dou te uient si grande conuoytise

556 662 1402 156 O palynure qui ton desir atyze

567 764 1695 171 Cuydes tu uoir deuãt questre Inhume

540 892 1690 161 Les eaulx stigyes ⁊ le fleuue alume

556 1005 1685 144 Des eumenydes ⁊ sans cõmandement

567 1117 1658 150 Partir du por ainssin soudaynement

529 1213 1423 166 Nespere pas q̃ uoulente diuine

534 1336 1632 150 Par priere se change ou se termyne

513 1438 1798 171 Maiz prẽs mes ditz ioye ⁊ poͬ soulas

518 1550 1750 166 En recompence de ton malheureux cas

524 1662 1471 150 Les finitimes ⁊ toꝰ ceulx du pays

540 1780 1626 155 ꝑ qui gys mort troubles et esbays

524 1876 1722 177 De meintz prodiges ⁊ augures celestes

540 2005 1792 155 Par toutes uilles ⁊ ꝑ les champs agrestes

534 2111 1381 155 En grand honneur tes otz amasseront

540 2229 1466 144 Et sepulture louable te feront

518 2325 1819 161 Sur ton tumule mettront sollẽpnes choses

518 2448 1723 150 De grand louãge ⁊ de uertus enclouses

524 2561 1434 149 Et se lieu la en eternel renom

492 2667 1428 161 Aura de toy palynure le nom

497 2790 1782 150 Ses choses dittes ung peu furẽt oustees

513 2903 1744 155 Ses cures tristes et douleurs deboutees

508 3010 1792 155 Ioye en son cueͬ  cõmãssa a reprendre

513 3122 1744 155 Dont la terre doibt de luy le nõ prẽdre

486 3240 1600 149 Apres cella leur euure cõmancee

513 3352 1723 160 Parfaire ueullent en soingneuse pãcee

497 3464 1851 150 Leur chemyn suyuent ⁊ sy auãt toucherẽt

513 3571 1707 150 Que du fleuue tantost pres aꝓcherent

497 3683 1782 155 Lors quãt charon le nãtõnyer immũde

486 3801 1696 150 Qui transfretoyt en celle stygie unde

502 3903 1744 165 De loing les ueit passer par boys tacite

502 4020 1680 155 Et que leur pied les adresse et incite

497 4138 1739 144 Tyrer au port prõptemẽt les assault

502 4239 1686 150 De sa parolle en leur disãt toͭ hault

492 4352 1717 165 Quelque tu soyes qͥ ainsin arme uiẽs

486 4469 1760 161 Pres des riuages ⁊ fleuues qͥ sõt myẽs

486 4582 1782 155 Dy qui te mayne ⁊ sãs demourer guere

476 4699 1792 145 Reprans tes pas et retourne en arriere

486 4801 1605 150 Ycy est certes des umbres le seiour

492 4908 1728 214 De nuyt de sõpne sãs luĩere ⁊ sãs iour

2444 507 1873 225 Cest trop grand crime porter corps qͥ ont uie

2428 705 1514 134 Sur telles undes en nauire stigye

2444 823 1750 139 Oncq̃z neu ioye quãt hercules le preux

2439 941 1610 122 Oultre passay sur ce lac tenebreux

2434 1053 1540 123 Pyrothous ne maiz le fort thesee

2391 1144 1904 144 Iacoyt quilz eussent force ⁊ puissãce aysee

2434 1256 1658 150 Et q̃ des dieux fussent yssus et nes

2423 1379 1867 134 Trop mal me print quãt ie les eu menes

2434 1486 1519 134 Cil hercules osa bñ entreprendre

2418 1598 1556 123 Le custode tartaree lors prandre

2434 1710 1792 129 En ces lyans et larracher du throsne

2423 1812 1755 144 Ou fut le roy denfer ⁊ sa mathrosne

2423 1930 1894 139 Les aultres deux feirent ung mal grigneͬ

2402 2037 1776 149 La dame prindrẽt au pres de sõ seigneͬ

2418 2154 1637 134 Et lẽmenerẽt du cubile ⁊ thalame

2418 2256 1974 155 De son espoux sans craindre tort ou blasme

2423 2379 1755 133 Contre tyeulx motz la ꝓphete ãphrisye

2396 2486 1744 149 Feist responce de grand uertu saysye

2412 2609 1504 133 Ycy nya espye ou eschauguette

2407 2716 1396 139 Ycy nya ꝑsõne qui te guette

2423 2833 1525 134 Cesse doncq̃z hores ramenteuoyr

2423 2940 2161 155 Ceulx qui ont sceu tyeulx mesfaiz esmouuoyr

2343 3052 1781 145 Noz dars ne portent uyolence ne force

2353 3165 1937 144 Iacoye pourtãt q̃ monlt tache ⁊ sesforce

2386 3277 1878 156 Le grand portier denfer expouanter

2375 3395 1840 123 Umbres exangues et trop les tormẽter

2364 3491 1803 160 Et que bñ garde la chaste ꝓserpyne

2407 3603 1498 150 De son patrue le siege et le limine

2402 3731 1487 139 Le troyen duc insigne de pytie

2402 3838 1925 145 Darmes chorusque ⁊ tout plain damytie

2402 3956 1594 128 Est descendu es umbres tartarees

2407 4063 1712 139 En profondeͬ sans lumiere egarees

2407 4170 1846 144 Pour uoyr son pere cause de tel uoyage

2353 4288 1696 139 Sy doncq̃z ores de tel pytye lymaige

2364 4405 1771 134 Ne peult a ce ton courage esmouuoyr

2402 4523 1776 128 Cõgnoys au moins ⁊ a loeil daigne uoyr

2402 4624 1695 139 Ce rameau dor qui en loz multiplye

2364 4737 1819 133 Lors le desqueuure ⁊ a coup le desplye

2407 4854 1621 134 Car soubz sa robe eneas le tenoyt

2396 4967 1685 165 Et sans celuy leans ne chemynoit
