<alto xmlns:xsi="http://www.w3.org/2001/XMLSchema-instance" xmlns="http://www.loc.gov/standards/alto/ns-v4#" xsi:schemaLocation="http://www.loc.gov/standards/alto/ns-v4# http://www.loc.gov/standards/alto/v4/alto-4-2.xsd">
  <Description>
    <MeasurementUnit>pixel</MeasurementUnit>
    <sourceImageInformation>
      <fileName>68r.jpg</fileName>
      
    </sourceImageInformation>
  </Description>
  
  <Tags>
    <OtherTag ID="BT3188" LABEL="RunningTitleZone" DESCRIPTION="block type RunningTitleZone"/><OtherTag ID="BT3187" LABEL="QuireMarksZone" DESCRIPTION="block type QuireMarksZone"/><OtherTag ID="BT3186" LABEL="NumberingZone" DESCRIPTION="block type NumberingZone"/><OtherTag ID="BT3185" LABEL="MarginTextZone" DESCRIPTION="block type MarginTextZone"/><OtherTag ID="BT3184" LABEL="MainZone#2" DESCRIPTION="block type MainZone#2"/><OtherTag ID="BT3183" LABEL="MainZone#1" DESCRIPTION="block type MainZone#1"/><OtherTag ID="BT3182" LABEL="MainZone" DESCRIPTION="block type MainZone"/><OtherTag ID="BT3181" LABEL="GraphicZone" DESCRIPTION="block type GraphicZone"/><OtherTag ID="BT3180" LABEL="DropCapitalZone" DESCRIPTION="block type DropCapitalZone"/><OtherTag ID="BT3179" LABEL="DamageZone" DESCRIPTION="block type DamageZone"/>
    <OtherTag ID="LT1107" LABEL="InterlinearLine" DESCRIPTION="line type InterlinearLine"/><OtherTag ID="LT1106" LABEL="HeadingLine" DESCRIPTION="line type HeadingLine"/><OtherTag ID="LT1105" LABEL="DropCapitalLine" DESCRIPTION="line type DropCapitalLine"/><OtherTag ID="LT1104" LABEL="DefaultLine" DESCRIPTION="line type DefaultLine"/>
  </Tags>
  
  <Layout>
    <Page WIDTH="5307" HEIGHT="6416" PHYSICAL_IMG_NR="20" ID="eSc_dummypage_">
      <PrintSpace HPOS="0" VPOS="0" WIDTH="5307" HEIGHT="6416">
        
        <TextBlock HPOS="2345" VPOS="384" WIDTH="1950" HEIGHT="4636" ID="eSc_textblock_9dbb5331" TAGREFS="BT3184">
          <Shape><Polygon POINTS="2824 470 4017 470 4167 662 4146 892 3996 962 4017 1128 4167 1154 4210 1283 4210 1598 4124 1710 4188 1983 4081 2053 4039 2389 4295 2651 4295 2774 4210 2844 4231 3309 4103 3507 4188 3785 4146 4143 3910 4213 4146 4341 4060 4934 4017 4999 2396 5020 2345 4836 2351 4836 2351 454 2396 384"/></Shape>
          
          
          <TextLine ID="eSc_line_b09418b9" TAGREFS="LT1104" BASELINE="2364 636 4076 604" HPOS="2353" VPOS="374" WIDTH="1718" HEIGHT="299">
            <Shape><Polygon POINTS="2359 593 2353 406 2605 406 2771 507 2883 507 2979 438 3022 475 3108 459 3204 486 3332 422 3359 449 3391 438 3450 497 3488 497 3728 491 3793 454 3873 459 3969 379 4065 374 4071 620 4001 646 3290 636 3188 662 2963 646 2926 668 2685 646 2637 673 2359 652"/></Shape>
	    <String CONTENT="Las ie fus cause de celle mort sy dure" HPOS="2353" VPOS="374" WIDTH="1718" HEIGHT="299"/>
          </TextLine>

          
          
          <TextLine ID="eSc_line_502a3ed6" TAGREFS="LT1104" BASELINE="2369 753 4135 716" HPOS="2364" VPOS="625" WIDTH="1766" HEIGHT="160">
            <Shape><Polygon POINTS="2364 711 2369 657 2616 684 2685 652 2813 679 2969 652 3049 673 3134 641 3188 668 3423 636 3504 662 3627 662 4124 625 4130 673 4130 737 4108 753 3482 764 3429 743 3359 769 3247 769 3145 748 3113 775 3022 753 2872 759 2840 780 2616 759 2525 785 2503 764 2364 764"/></Shape>
	    <String CONTENT="Mays pour certain ie te promes ⁊ iure" HPOS="2364" VPOS="625" WIDTH="1766" HEIGHT="160"/>
          </TextLine>

          
          
          <TextLine ID="eSc_line_8b1b1415" TAGREFS="LT1104" BASELINE="2386 866 4130 844" HPOS="2380" VPOS="748" WIDTH="1744" HEIGHT="150">
            <Shape><Polygon POINTS="2380 823 2380 785 2455 764 2530 785 2616 785 2637 764 2808 785 2878 759 2937 780 3188 759 3225 780 3386 753 3680 775 3744 748 3793 769 3857 748 3878 769 4119 769 4124 802 4124 866 4081 882 4044 860 3969 882 3680 866 3482 887 3439 866 3402 887 2883 866 2813 898 2781 871 2712 892 2653 871 2616 892 2444 871 2412 898 2380 876"/></Shape>
	    <String CONTENT="Par les estoilles et ꝑ les dieux superes" HPOS="2380" VPOS="748" WIDTH="1744" HEIGHT="150"/>
          </TextLine>

          
          
          <TextLine ID="eSc_line_b5b7855d" TAGREFS="LT1104" BASELINE="2375 978 3814 951" HPOS="2369" VPOS="866" WIDTH="1440" HEIGHT="144">
            <Shape><Polygon POINTS="2369 935 2369 908 2428 882 2573 882 2626 908 2674 876 2851 903 2878 876 2931 898 3081 871 3156 898 3193 871 3225 892 3514 892 3541 866 3627 866 3803 887 3809 908 3809 962 3739 989 3664 967 3514 994 3322 973 3006 999 2947 978 2883 1005 2717 1005 2674 983 2648 1010 2369 989"/></Shape>
	    <String CONTENT="Et sy sabas en ses terres asperes" HPOS="2369" VPOS="866" WIDTH="1440" HEIGHT="144"/>
          </TextLine>

          
          
          <TextLine ID="eSc_line_d20fc689" TAGREFS="LT1104" BASELINE="2359 1085 3926 1063" HPOS="2348" VPOS="957" WIDTH="1573" HEIGHT="160">
            <Shape><Polygon POINTS="2353 1042 2348 1015 2439 978 2498 1015 2648 1015 2669 994 2733 1015 2878 1005 2926 973 3054 1010 3129 967 3241 999 3381 983 3520 1005 3611 962 3755 999 3793 962 3916 957 3921 1021 3921 1074 3605 1080 3525 1106 3482 1085 3316 1106 3220 1080 3134 1112 2969 1090 2878 1112 2813 1090 2744 1117 2653 1096 2455 1117 2407 1090 2353 1096"/></Shape>
	    <String CONTENT="A quelque foy oreyne miserable" HPOS="2348" VPOS="957" WIDTH="1573" HEIGHT="160"/>
          </TextLine>

          
          
          <TextLine ID="eSc_line_2925a998" TAGREFS="LT1104" BASELINE="2375 1203 3948 1176" HPOS="2369" VPOS="1080" WIDTH="1573" HEIGHT="144">
            <Shape><Polygon POINTS="2369 1160 2369 1128 2423 1112 2792 1122 2835 1101 2910 1122 2969 1096 2995 1122 3268 1090 3306 1117 3402 1112 3439 1085 3573 1112 3600 1085 3659 1106 3728 1080 3932 1080 3942 1133 3926 1203 2369 1224"/></Shape>
	    <String CONTENT="Que ie ꝑty de ton port delectable" HPOS="2369" VPOS="1080" WIDTH="1573" HEIGHT="144"/>
          </TextLine>

          
          
          <TextLine ID="eSc_line_bfbe0f3b" TAGREFS="LT1104" BASELINE="2386 1309 4130 1283" HPOS="2380" VPOS="1197" WIDTH="1744" HEIGHT="150">
            <Shape><Polygon POINTS="2380 1267 2434 1219 2557 1245 2605 1219 2685 1245 2856 1240 2894 1213 2974 1235 3070 1213 3124 1235 3391 1235 3461 1203 3766 1229 3793 1197 3910 1197 3974 1224 4103 1213 4124 1240 4119 1293 4071 1315 3830 1293 3771 1331 3509 1331 3466 1299 3327 1336 3151 1336 3102 1309 2990 1342 2915 1342 2883 1309 2717 1320 2690 1347 2546 1315 2380 1320"/></Shape>
	    <String CONTENT="Oultre mõ gre mays les ꝯmãdemes" HPOS="2380" VPOS="1197" WIDTH="1744" HEIGHT="150"/>
          </TextLine>

          
          
          <TextLine ID="eSc_line_68755c06" TAGREFS="LT1104" BASELINE="2380 1422 4199 1390" HPOS="2375" VPOS="1299" WIDTH="1819" HEIGHT="160">
            <Shape><Polygon POINTS="2375 1379 2386 1325 2685 1352 2797 1320 2985 1347 3060 1315 3108 1342 3290 1342 3391 1315 3413 1331 3434 1309 3595 1336 3776 1331 3809 1304 4055 1325 4092 1299 4188 1299 4194 1347 4188 1416 4151 1432 4103 1406 3889 1406 3803 1427 3664 1411 3584 1443 3488 1443 3450 1416 3423 1443 3236 1443 3183 1422 3156 1448 3017 1448 2985 1427 2835 1448 2803 1427 2776 1454 2546 1459 2519 1432 2455 1432 2375 1454"/></Shape>
	    <String CONTENT="Des puyssans dieux ⁊ leurs enhortemẽs" HPOS="2375" VPOS="1299" WIDTH="1819" HEIGHT="160"/>
          </TextLine>

          
          
          <TextLine ID="eSc_line_6bf07eab" TAGREFS="LT1104" BASELINE="2375 1529 4194 1513" HPOS="2369" VPOS="1416" WIDTH="1819" HEIGHT="145">
            <Shape><Polygon POINTS="2369 1486 2369 1459 2428 1432 2487 1448 2519 1427 2551 1459 2776 1459 2803 1432 2867 1459 2899 1427 2974 1422 3038 1454 3263 1422 3327 1454 3536 1454 3637 1448 3696 1416 3873 1416 3910 1448 3969 1448 4001 1416 4108 1416 4135 1443 4183 1438 4188 1470 4178 1550 4097 1550 4039 1518 3953 1518 3921 1550 3830 1518 3707 1518 3637 1550 3579 1518 3552 1555 3466 1523 3423 1523 3397 1555 3172 1555 3006 1523 2974 1561 2888 1529 2846 1561 2781 1539 2669 1561 2632 1529 2369 1534"/></Shape>
	    <String CONTENT="Qi mont cõtrainct ꝑ merueille̽ encõbres" HPOS="2369" VPOS="1416" WIDTH="1819" HEIGHT="145"/>
          </TextLine>

          
          
          <TextLine ID="eSc_line_8dd6604f" TAGREFS="LT1104" BASELINE="2380 1641 4167 1620" HPOS="2375" VPOS="1518" WIDTH="1787" HEIGHT="155">
            <Shape><Polygon POINTS="2375 1598 2375 1566 2434 1534 2632 1534 2664 1566 2755 1545 2813 1566 2872 1529 2937 1561 3001 1529 3263 1561 3386 1555 3418 1523 3472 1523 3504 1555 3573 1529 3605 1555 3664 1555 3712 1518 3766 1550 3819 1523 3857 1550 3953 1550 4039 1518 4081 1550 4156 1550 4162 1577 4162 1646 4130 1657 4087 1636 4028 1657 3953 1641 3664 1662 3381 1641 3359 1662 3263 1668 3097 1668 3044 1646 2851 1668 2824 1646 2765 1673 2632 1673 2594 1652 2375 1673"/></Shape>
	    <String CONTENT="Sabbas descendre ꝑ my ses tristes umbres" HPOS="2375" VPOS="1518" WIDTH="1787" HEIGHT="155"/>
          </TextLine>

          
          
          <TextLine ID="eSc_line_9678d34f" TAGREFS="LT1104" BASELINE="2386 1753 4039 1732" HPOS="2380" VPOS="1641" WIDTH="1653" HEIGHT="155">
            <Shape><Polygon POINTS="2380 1710 2380 1684 2418 1662 2755 1684 2792 1652 2856 1678 2915 1652 3017 1652 3044 1678 3134 1678 3156 1657 3348 1673 3375 1646 3455 1673 3611 1673 3702 1641 3755 1668 4028 1657 4033 1689 4028 1748 3916 1753 3894 1775 3830 1748 3648 1748 3600 1780 3338 1780 3284 1753 3199 1785 3140 1764 3011 1785 2969 1759 2872 1759 2787 1791 2583 1769 2380 1796"/></Shape>
	    <String CONTENT="Plieux scalydes incultes ⁊ mouezis" HPOS="2380" VPOS="1641" WIDTH="1653" HEIGHT="155"/>
          </TextLine>

          
          
          <TextLine ID="eSc_line_a10161b2" TAGREFS="LT1104" BASELINE="2420 1851 4076 1839" HPOS="2412" VPOS="1753" WIDTH="1653" HEIGHT="155">
            <Shape><Polygon POINTS="2412 1807 2476 1775 2840 1791 2872 1764 3044 1785 3140 1759 3188 1785 3268 1764 3322 1785 3509 1785 3643 1775 3664 1753 3835 1753 3862 1780 4060 1753 4065 1791 4060 1855 3990 1855 3953 1892 3846 1892 3825 1871 3776 1892 3739 1855 3514 1855 3482 1876 3381 1865 3327 1898 3225 1892 3204 1871 3177 1892 3049 1898 2969 1871 2942 1898 2739 1903 2706 1882 2685 1903 2600 1871 2546 1903 2412 1908"/></Shape>
	    <String CONTENT="ꝑ nuyt ꝓfõde ⁊ dangiers nõ choysis" HPOS="2412" VPOS="1753" WIDTH="1653" HEIGHT="155"/>
          </TextLine>

          
          
          <TextLine ID="eSc_line_eee5f420" TAGREFS="LT1104" BASELINE="2391 1983 4172 1956" HPOS="2386" VPOS="1865" WIDTH="1781" HEIGHT="150">
            <Shape><Polygon POINTS="2386 1940 2386 1908 2541 1908 2594 1882 2648 1908 2706 1882 2739 1903 2931 1903 2974 1876 3065 1903 3199 1871 3327 1898 3365 1871 3455 1865 3669 1865 3696 1892 3793 1892 3814 1871 4156 1882 4167 1914 4162 1983 4108 1994 3782 1999 3723 1978 3653 1999 3627 1972 3520 1972 3450 2005 3156 2005 3124 1978 2910 1999 2872 1983 2840 2010 2739 1983 2605 2015 2386 1994"/></Shape>
	    <String CONTENT="Ceulx furent cause nõ la uolunte myene" HPOS="2386" VPOS="1865" WIDTH="1781" HEIGHT="150"/>
          </TextLine>

          
          
          <TextLine ID="eSc_line_ee3bf236" TAGREFS="LT1104" BASELINE="2380 2095 3851 2074" HPOS="2375" VPOS="1972" WIDTH="1471" HEIGHT="155">
            <Shape><Polygon POINTS="2375 2053 2375 1988 2573 2021 2658 2021 2712 1988 2755 2015 2846 2010 2878 1983 2990 1983 3017 2010 3049 1983 3161 2010 3472 2010 3584 1972 3616 2005 3830 1999 3846 2031 3835 2095 3744 2111 3151 2117 3108 2095 2931 2122 2840 2095 2813 2122 2621 2127 2583 2101 2557 2122 2375 2106"/></Shape>
	    <String CONTENT="Dont ie ꝑty de la prouice tyenne" HPOS="2375" VPOS="1972" WIDTH="1471" HEIGHT="155"/>
          </TextLine>

          
          
          <TextLine ID="eSc_line_7198149f" TAGREFS="LT1104" BASELINE="2327 2208 4071 2176" HPOS="2316" VPOS="2079" WIDTH="1749" HEIGHT="166">
            <Shape><Polygon POINTS="2321 2165 2316 2133 2343 2111 2803 2133 2835 2106 2969 2127 3102 2101 3177 2127 3279 2106 3439 2122 3477 2101 3723 2117 3830 2090 3862 2111 4006 2111 4060 2079 4065 2133 4060 2218 3958 2192 3932 2218 3766 2224 3284 2197 3177 2234 3118 2208 3086 2234 3054 2202 2904 2202 2824 2240 2755 2208 2562 2245 2407 2218 2321 2229"/></Shape>
	    <String CONTENT="Ia ne cuydoye q̃ pour mon ꝑtement" HPOS="2316" VPOS="2079" WIDTH="1749" HEIGHT="166"/>
          </TextLine>

          
          
          <TextLine ID="eSc_line_b810bb28" TAGREFS="LT1104" BASELINE="2348 2309 3990 2299" HPOS="2343" VPOS="2202" WIDTH="1642" HEIGHT="139">
            <Shape><Polygon POINTS="2343 2266 2343 2234 2375 2218 2835 2234 2899 2208 3060 2208 3086 2234 3118 2208 3156 2234 3241 2229 3279 2202 3488 2202 3541 2229 3910 2229 3953 2208 3985 2256 3974 2336 3803 2309 3611 2336 3359 2309 3290 2336 3258 2309 3199 2309 3161 2341 2755 2341 2706 2315 2616 2341 2466 2320 2407 2341 2343 2315"/></Shape>
	    <String CONTENT="Tu portasses de deul si largement" HPOS="2343" VPOS="2202" WIDTH="1642" HEIGHT="139"/>
          </TextLine>

          
          
          <TextLine ID="eSc_line_0e4575d4" TAGREFS="LT1104" BASELINE="2369 2422 3948 2406" HPOS="2364" VPOS="2315" WIDTH="1578" HEIGHT="144">
            <Shape><Polygon POINTS="2364 2379 2364 2347 2439 2325 2530 2347 2637 2325 2883 2347 3006 2325 3167 2341 3215 2320 3284 2341 3348 2320 3664 2336 3718 2315 3750 2336 3937 2336 3942 2363 3937 2443 3900 2448 3728 2448 3702 2427 3579 2448 3418 2427 3391 2454 2990 2454 2969 2432 2883 2459 2808 2438 2637 2438 2616 2459 2364 2443"/></Shape>
	    <String CONTENT="Arreste toy et ne te eloingne mye" HPOS="2364" VPOS="2315" WIDTH="1578" HEIGHT="144"/>
          </TextLine>

          
          
          <TextLine ID="eSc_line_1eeacf45" TAGREFS="LT1104" BASELINE="2375 2534 4076 2523" HPOS="2369" VPOS="2432" WIDTH="1702" HEIGHT="139">
            <Shape><Polygon POINTS="2369 2491 2369 2438 2498 2459 2616 2459 2637 2438 3209 2459 3675 2432 3750 2454 3985 2443 4065 2454 4071 2480 4065 2534 3996 2566 3932 2561 3905 2534 3734 2534 3702 2566 3579 2534 3450 2534 3413 2561 3209 2571 2690 2571 2621 2550 2493 2566 2455 2545 2402 2566 2369 2545"/></Shape>
	    <String CONTENT="De ma ueue sy a coup doulce amye" HPOS="2369" VPOS="2432" WIDTH="1702" HEIGHT="139"/>
          </TextLine>

          
          
          <TextLine ID="eSc_line_07930f1b" TAGREFS="LT1104" BASELINE="2369 2646 4103 2625" HPOS="2364" VPOS="2534" WIDTH="1733" HEIGHT="155">
            <Shape><Polygon POINTS="2364 2603 2364 2577 2439 2550 2503 2577 2535 2555 2776 2577 2803 2555 3402 2566 3450 2539 3541 2539 3584 2566 3728 2545 3793 2561 3825 2534 4006 2561 4092 2534 4097 2582 4097 2641 4017 2673 3723 2646 3696 2673 3664 2657 3595 2678 3215 2678 3193 2657 3081 2684 2995 2684 2969 2657 2894 2684 2717 2689 2685 2667 2551 2689 2391 2662 2364 2678"/></Shape>
	    <String CONTENT="Mays qui fuys tu considere ⁊ aduise" HPOS="2364" VPOS="2534" WIDTH="1733" HEIGHT="155"/>
          </TextLine>

          
          
          <TextLine ID="eSc_line_5093fddd" TAGREFS="LT1104" BASELINE="2380 2764 4279 2753" HPOS="2375" VPOS="2651" WIDTH="1899" HEIGHT="145">
            <Shape><Polygon POINTS="2375 2721 2375 2689 2444 2667 2514 2689 2616 2689 2680 2662 2717 2689 2894 2689 2958 2657 2990 2689 3134 2667 3161 2689 3263 2689 3493 2662 3648 2678 3712 2651 3766 2651 3798 2684 3857 2651 3937 2684 4017 2684 4065 2651 4119 2651 4151 2684 4194 2651 4269 2651 4274 2710 4274 2758 4194 2790 4055 2769 3974 2790 3942 2764 3883 2790 3803 2764 3718 2764 3675 2790 3616 2764 3541 2764 3498 2790 3108 2769 3081 2796 2969 2774 2771 2796 2739 2769 2706 2796 2428 2796 2375 2774"/></Shape>
	    <String CONTENT="Qua toy pler plus nayray la franchise" HPOS="2375" VPOS="2651" WIDTH="1899" HEIGHT="145"/>
          </TextLine>

          
          
          <TextLine ID="eSc_line_3cd5956c" TAGREFS="LT1104" BASELINE="2391 2876 4060 2860" HPOS="2386" VPOS="2769" WIDTH="1669" HEIGHT="139">
            <Shape><Polygon POINTS="2386 2833 2386 2780 2509 2807 2690 2807 2723 2780 2797 2807 2937 2807 2990 2785 3065 2801 3092 2774 3455 2801 3530 2769 3691 2796 3739 2769 3809 2769 3851 2796 3942 2769 3974 2796 4028 2774 4055 2817 4049 2871 3980 2897 3760 2871 3718 2897 3686 2871 3627 2871 3493 2903 3300 2903 3274 2876 3145 2903 2995 2876 2937 2908 2813 2908 2749 2881 2685 2908 2621 2881 2594 2908 2386 2892"/></Shape>
	    <String CONTENT="Ce que te dys sont parolles finales" HPOS="2386" VPOS="2769" WIDTH="1669" HEIGHT="139"/>
          </TextLine>

          
          
          <TextLine ID="eSc_line_edfb3ad5" TAGREFS="LT1104" BASELINE="2369 2994 4199 2978" HPOS="2364" VPOS="2871" WIDTH="1830" HEIGHT="149">
            <Shape><Polygon POINTS="2364 2951 2364 2913 2407 2887 2509 2913 2680 2913 2728 2881 2755 2908 2792 2892 2824 2913 2963 2913 2995 2876 3054 2876 3102 2908 3236 2876 3279 2876 3311 2908 3573 2908 3627 2871 3686 2871 3718 2903 3755 2871 3835 2903 3883 2871 3942 2903 4012 2871 4130 2871 4188 2903 4194 2935 4188 3010 3932 2983 3862 3010 3825 2983 3680 3010 3621 2983 3579 3015 3552 2988 3472 2988 3439 3015 3338 3015 3311 2988 3241 3010 3049 2988 2947 3020 2819 3020 2792 2994 2739 3020 2503 3020 2466 2994 2402 3020 2364 2994"/></Shape>
	    <String CONTENT="Ainsy le ueullent les puyssãces fatales" HPOS="2364" VPOS="2871" WIDTH="1830" HEIGHT="149"/>
          </TextLine>

          
          
          <TextLine ID="eSc_line_ba9a9de8" TAGREFS="LT1104" BASELINE="2375 3101 4130 3079" HPOS="2369" VPOS="2981" WIDTH="1755" HEIGHT="146">
            <Shape><Polygon POINTS="2369 3058 2369 3026 2444 2999 2498 3020 2717 3026 2765 2999 2942 3020 2990 2994 3172 2994 3225 3020 3268 2988 3348 3015 3523 2981 3621 2988 3680 3015 3744 3010 3771 2983 3889 3010 3932 2983 4017 3010 4113 2994 4124 3036 4119 3085 4023 3106 3958 3090 3921 3111 3718 3085 3637 3106 3306 3090 3241 3122 2819 3122 2771 3101 2471 3127 2369 3101"/></Shape>
	    <String CONTENT="En tieulx parolles le cueͬ adoulcissoyt" HPOS="2369" VPOS="2981" WIDTH="1755" HEIGHT="146"/>
          </TextLine>

          
          
          <TextLine ID="eSc_line_8dd9f1d5" TAGREFS="LT1104" BASELINE="2380 3213 4108 3191" HPOS="2375" VPOS="3101" WIDTH="1728" HEIGHT="139">
            <Shape><Polygon POINTS="2375 3170 2375 3111 2503 3138 2690 3111 2733 3138 2803 3106 2846 3133 3231 3133 3295 3101 3402 3101 3445 3127 3562 3101 3605 3127 3878 3122 3942 3101 3980 3122 4092 3117 4103 3149 4097 3224 3846 3224 3793 3202 3653 3229 3627 3208 3236 3208 3060 3234 2808 3213 2749 3240 2375 3224"/></Shape>
	    <String CONTENT="De celle la qui grand deul nourissoyt" HPOS="2375" VPOS="3101" WIDTH="1728" HEIGHT="139"/>
          </TextLine>

          
          
          <TextLine ID="eSc_line_3bde8e7e" TAGREFS="LT1104" BASELINE="2375 3320 4210 3293" HPOS="2369" VPOS="3208" WIDTH="1835" HEIGHT="155">
            <Shape><Polygon POINTS="2369 3277 2369 3245 2407 3234 2733 3250 2760 3224 2878 3224 2904 3245 3049 3245 3102 3218 3134 3240 3466 3240 3498 3213 3637 3213 3675 3234 3712 3213 3921 3229 3964 3208 4023 3229 4140 3213 4204 3250 4204 3309 4162 3330 3835 3314 3803 3347 3498 3347 3472 3325 3445 3352 3247 3352 3193 3325 3102 3325 3022 3357 2776 3341 2723 3363 2696 3336 2610 3363 2583 3336 2503 3357 2369 3336"/></Shape>
	    <String CONTENT="Maiz poͬ son pleur ne poͬ sa tẽdre lerme" HPOS="2369" VPOS="3208" WIDTH="1835" HEIGHT="155"/>
          </TextLine>

          
          
          <TextLine ID="eSc_line_0b065d45" TAGREFS="LT1104" BASELINE="2364 3427 4108 3416" HPOS="2353" VPOS="3330" WIDTH="1750" HEIGHT="129">
            <Shape><Polygon POINTS="2359 3384 2353 3336 2498 3357 2525 3336 2610 3357 3022 3357 3076 3336 3798 3352 3883 3330 3905 3352 4097 3347 4103 3448 4044 3453 3996 3427 3809 3448 3776 3427 3472 3453 3434 3427 3241 3427 3134 3459 2904 3459 2883 3437 2605 3459 2578 3432 2359 3432"/></Shape>
	    <String CONTENT="Ne destournoyt sa ueue torne ⁊ ferme" HPOS="2353" VPOS="3330" WIDTH="1750" HEIGHT="129"/>
          </TextLine>

          
          
          <TextLine ID="eSc_line_dd1acbf0" TAGREFS="LT1104" BASELINE="2375 3544 4049 3534" HPOS="2369" VPOS="3437" WIDTH="1675" HEIGHT="139">
            <Shape><Polygon POINTS="2369 3502 2369 3453 2407 3469 2439 3443 2535 3464 2589 3443 2616 3469 2792 3469 2846 3443 2926 3469 3199 3469 3300 3464 3327 3437 3391 3464 4006 3437 4039 3448 4044 3491 4039 3571 3841 3571 3814 3550 3686 3550 3664 3571 3637 3550 3514 3571 3439 3550 3343 3571 3204 3550 3183 3576 2369 3566"/></Shape>
	    <String CONTENT="Et lopposite auoyt les yeulx fiches" HPOS="2369" VPOS="3437" WIDTH="1675" HEIGHT="139"/>
          </TextLine>

          
          
          <TextLine ID="eSc_line_36b45327" TAGREFS="LT1104" BASELINE="2375 3662 3926 3635" HPOS="2369" VPOS="3550" WIDTH="1552" HEIGHT="149">
            <Shape><Polygon POINTS="2369 3619 2391 3571 3295 3576 3595 3571 3627 3550 3814 3550 3916 3566 3921 3592 3905 3657 3627 3646 3525 3683 3263 3689 3204 3657 3172 3689 2899 3694 2835 3673 2808 3694 2653 3699 2600 3667 2450 3667 2423 3689 2369 3673"/></Shape>
	    <String CONTENT="Encontre terre ꝑ regret ataches" HPOS="2369" VPOS="3550" WIDTH="1552" HEIGHT="149"/>
          </TextLine>

          
          
          <TextLine ID="eSc_line_db25d014" TAGREFS="LT1104" BASELINE="2407 3772 2423 3769 4092 3758" HPOS="2386" VPOS="3667" WIDTH="1695" HEIGHT="134">
            <Shape><Polygon POINTS="2386 3726 2386 3699 2444 3673 2674 3699 3145 3699 3215 3667 3391 3694 3514 3689 3541 3667 3627 3667 3653 3694 4076 3673 4081 3710 4076 3785 4023 3796 3964 3769 3900 3796 3557 3769 3530 3796 3423 3774 3386 3796 3193 3801 3081 3801 3044 3774 2990 3801 2723 3801 2696 3774 2658 3801 2514 3801 2487 3780 2386 3780"/></Shape>
	    <String CONTENT="Et ia certes pour requeste ou priere" HPOS="2386" VPOS="3667" WIDTH="1695" HEIGHT="134"/>
          </TextLine>

          
          
          <TextLine ID="eSc_line_73bf6718" TAGREFS="LT1104" BASELINE="2388 3870 4156 3865" HPOS="2380" VPOS="3780" WIDTH="1766" HEIGHT="139">
            <Shape><Polygon POINTS="2380 3822 2407 3790 2466 3780 2546 3806 2653 3806 2680 3780 2723 3801 2910 3806 3006 3780 3118 3806 3418 3806 3445 3785 3525 3806 3552 3780 3605 3806 3718 3780 3900 3806 3974 3780 4012 3806 4140 3780 4146 3817 4140 3887 3953 3887 3926 3913 3129 3913 3092 3887 2990 3887 2937 3913 2872 3887 2840 3908 2685 3913 2567 3887 2380 3919"/></Shape>
	    <String CONTENT="Pour beau ꝑler ne pour doulce manie" HPOS="2380" VPOS="3780" WIDTH="1766" HEIGHT="139"/>
          </TextLine>

          
          
          <TextLine ID="eSc_line_9c81c32b" TAGREFS="LT1104" BASELINE="2359 3993 4146 3977" HPOS="2353" VPOS="3887" WIDTH="1787" HEIGHT="144">
            <Shape><Polygon POINTS="2353 3951 2353 3924 2439 3903 2621 3897 2739 3924 2883 3897 2937 3924 2985 3892 3070 3919 3536 3919 3605 3897 3926 3913 3958 3887 4028 3887 4071 3913 4135 3892 4140 3935 4135 3993 3948 3993 3926 4020 3841 3993 3744 4020 3595 3993 3520 4026 3129 4026 3102 4004 2942 4026 2862 4004 2755 4031 2706 4004 2685 4031 2583 4031 2353 4010"/></Shape>
	    <String CONTENT="Ne la peult il mouuoir ne aprouchier" HPOS="2353" VPOS="3887" WIDTH="1787" HEIGHT="144"/>
          </TextLine>

          
          
          <TextLine ID="eSc_line_ae1dad30" TAGREFS="LT1104" BASELINE="2364 4106 4130 4084" HPOS="2359" VPOS="3999" WIDTH="1765" HEIGHT="144">
            <Shape><Polygon POINTS="2359 4063 2359 4015 2578 4036 2733 4015 2781 4036 2830 4010 3236 4031 3514 4026 3552 4004 3675 4026 3793 3999 3921 4020 3942 3999 4044 3999 4065 4020 4119 4015 4124 4042 4124 4111 4092 4127 4001 4100 3964 4127 3648 4132 3241 4106 3156 4138 3097 4111 2979 4138 2910 4111 2803 4138 2658 4116 2632 4143 2444 4116 2359 4143"/></Shape>
	    <String CONTENT="Non plus q̃ pierre marpesye ou rochier" HPOS="2359" VPOS="3999" WIDTH="1765" HEIGHT="144"/>
          </TextLine>

          
          
          <TextLine ID="eSc_line_b9d9c735" TAGREFS="LT1104" BASELINE="2375 4213 3782 4213" HPOS="2375" VPOS="4111" WIDTH="1407" HEIGHT="139">
            <Shape><Polygon POINTS="2375 4170 2375 4138 2455 4111 2519 4138 2637 4138 2664 4111 2744 4111 2771 4138 2888 4138 2910 4116 3001 4138 3033 4111 3097 4111 3124 4138 3183 4111 3782 4138 3782 4245 3595 4250 3546 4218 3397 4218 3354 4250 3295 4250 3241 4218 3134 4250 3097 4223 3001 4218 2899 4250 2653 4250 2610 4218 2487 4218 2460 4245 2375 4250"/></Shape>
	    <String CONTENT="Finablemẽt elle le desampare" HPOS="2375" VPOS="4111" WIDTH="1407" HEIGHT="139"/>
          </TextLine>

          
          
          <TextLine ID="eSc_line_190ae342" TAGREFS="LT1104" BASELINE="2380 4330 3846 4314" HPOS="2375" VPOS="4223" WIDTH="1466" HEIGHT="145">
            <Shape><Polygon POINTS="2375 4288 2386 4250 2471 4261 2535 4234 2626 4234 2653 4261 2926 4255 2953 4229 3295 4255 3413 4223 3504 4250 3798 4239 3841 4271 3835 4330 3771 4357 3584 4357 3557 4330 3504 4357 3434 4357 3407 4330 3284 4336 3236 4362 3161 4341 3129 4362 3038 4362 3017 4341 2990 4362 2851 4362 2797 4341 2706 4368 2616 4341 2541 4362 2375 4346"/></Shape>
	    <String CONTENT="Et ẽnemye le suyt et le separe" HPOS="2375" VPOS="4223" WIDTH="1466" HEIGHT="145"/>
          </TextLine>

          
          
          <TextLine ID="eSc_line_cf53d38e" TAGREFS="LT1104" BASELINE="2364 4443 4135 4421" HPOS="2359" VPOS="4336" WIDTH="1771" HEIGHT="144">
            <Shape><Polygon POINTS="2359 4400 2359 4373 2423 4352 2797 4373 2840 4352 3102 4368 3145 4346 3225 4368 3327 4341 3675 4362 3825 4336 3867 4357 4071 4341 4130 4378 4130 4432 4049 4464 3851 4464 3809 4437 3680 4469 3461 4469 3418 4448 3386 4469 3231 4475 3199 4448 3129 4448 3027 4475 2883 4448 2846 4475 2771 4453 2658 4480 2632 4453 2412 4453 2359 4475"/></Shape>
	    <String CONTENT="Au boys couuert umbre fere ⁊ repous" HPOS="2359" VPOS="4336" WIDTH="1771" HEIGHT="144"/>
          </TextLine>

          
          
          <TextLine ID="eSc_line_1c8bd96c" TAGREFS="LT1104" BASELINE="2380 4550 4049 4539" HPOS="2375" VPOS="4448" WIDTH="1669" HEIGHT="139">
            <Shape><Polygon POINTS="2375 4507 2375 4475 2434 4453 2637 4453 2658 4475 2733 4453 2867 4475 2920 4453 3054 4475 3118 4453 3391 4469 3418 4448 3455 4469 3712 4469 3739 4448 3937 4469 3964 4448 4039 4469 4044 4496 4044 4550 3958 4582 3439 4576 3370 4555 3343 4582 3081 4587 3038 4560 2958 4560 2830 4587 2792 4560 2669 4582 2648 4560 2583 4582 2375 4560"/></Shape>
	    <String CONTENT="Elle se tyre ou son premier espous" HPOS="2375" VPOS="4448" WIDTH="1669" HEIGHT="139"/>
          </TextLine>

          
          
          <TextLine ID="eSc_line_990addc1" TAGREFS="LT1104" BASELINE="2396 4662 3873 4640" HPOS="2391" VPOS="4555" WIDTH="1476" HEIGHT="139">
            <Shape><Polygon POINTS="2391 4619 2391 4566 2514 4587 2648 4566 2685 4592 2760 4560 2835 4587 2937 4560 3124 4587 3348 4582 3407 4555 3434 4582 3857 4566 3867 4598 3846 4667 3712 4656 3472 4683 3413 4662 3124 4689 3102 4667 2963 4667 2942 4689 2648 4672 2605 4694 2444 4672 2391 4694"/></Shape>
	    <String CONTENT="Dit sycheus latent ⁊ la procure" HPOS="2391" VPOS="4555" WIDTH="1476" HEIGHT="139"/>
          </TextLine>

          
          
          <TextLine ID="eSc_line_43e84c93" TAGREFS="LT1104" BASELINE="2391 4769 4055 4747" HPOS="2386" VPOS="4662" WIDTH="1663" HEIGHT="128">
            <Shape><Polygon POINTS="2386 4726 2386 4689 2434 4678 2546 4699 2642 4678 2813 4694 2867 4672 2910 4694 2958 4672 3108 4672 3134 4694 3627 4689 3680 4662 4044 4683 4049 4705 4049 4763 3985 4790 2386 4790"/></Shape>
	    <String CONTENT="Qui trauaille dune paraille cure" HPOS="2386" VPOS="4662" WIDTH="1663" HEIGHT="128"/>
          </TextLine>

          
          
          <TextLine ID="eSc_line_b541e87d" TAGREFS="LT1104" BASELINE="2391 4881 4044 4865" HPOS="2386" VPOS="4774" WIDTH="1694" HEIGHT="144">
            <Shape><Polygon POINTS="2386 4838 2386 4785 2974 4806 3001 4779 3065 4801 3140 4779 3188 4806 3482 4806 3530 4785 3948 4801 4033 4774 4080 4807 4039 4897 3996 4908 3814 4908 3744 4881 3595 4902 3546 4881 3482 4913 3225 4913 3113 4886 2931 4918 2813 4918 2776 4892 2386 4908"/></Shape>
	    <String CONTENT="Et rend egale la primerayne amoͬ" HPOS="2386" VPOS="4774" WIDTH="1694" HEIGHT="144"/>
          </TextLine>

          
          
          <TextLine ID="eSc_line_cc932f7d" TAGREFS="LT1104" BASELINE="2375 4993 3980 4977" HPOS="2364" VPOS="4886" WIDTH="1610" HEIGHT="204">
            <Shape><Polygon POINTS="2369 4951 2364 4924 2439 4897 2551 4918 2589 4897 2776 4897 2878 4924 3156 4902 3332 4918 3375 4897 3407 4918 3536 4897 3584 4913 3739 4886 3819 4913 3969 4908 3974 5073 3937 5052 3669 5073 3525 5036 3434 5084 3193 5084 3124 5041 3038 5068 2904 5041 2813 5090 2706 5090 2626 5047 2493 5047 2434 5090 2369 5047"/></Shape>
	    <String CONTENT="En lũbrageux et myertee se iour" HPOS="2364" VPOS="4886" WIDTH="1610" HEIGHT="204"/>
          </TextLine>

          
        </TextBlock>
        
        <TextBlock HPOS="385" VPOS="427" WIDTH="1928" HEIGHT="4593" ID="eSc_textblock_3b3a8f4a" TAGREFS="BT3183">
          <Shape><Polygon POINTS="2268 4785 2006 5020 470 4999 385 4934 449 4849 449 3828 385 3699 470 3288 406 3138 470 556 813 427 2313 490 2313 4789"/></Shape>
          
          
          <TextLine ID="eSc_line_9ac2a806" TAGREFS="LT1104" BASELINE="486 625 2246 614" HPOS="481" VPOS="422" WIDTH="1760" HEIGHT="240">
            <Shape><Polygon POINTS="481 582 481 486 647 486 716 427 952 427 1080 470 1128 427 1187 470 1246 438 1310 470 1385 422 1449 481 1530 422 1583 433 1631 481 1931 481 1968 443 2038 438 2065 459 2150 427 2236 459 2241 572 2214 657 2000 657 1904 630 1722 657 1556 657 1508 630 1460 652 1257 636 1225 657 1155 636 1091 662 936 662 898 636 727 662 481 641"/></Shape>
	    <String CONTENT="Que champs de pleur ꝯmunemẽt on nõme" HPOS="481" VPOS="422" WIDTH="1760" HEIGHT="240"/>
          </TextLine>

          
          
          <TextLine ID="eSc_line_0abe9f88" TAGREFS="LT1104" BASELINE="465 748 2113 737" HPOS="460" VPOS="641" WIDTH="1647" HEIGHT="139">
            <Shape><Polygon POINTS="460 705 460 679 518 646 593 646 636 673 743 652 791 673 866 646 893 673 957 679 984 652 1011 673 1048 652 1118 673 1150 646 1283 641 1444 641 1476 673 1540 646 1567 673 1813 673 1861 641 1893 673 2102 673 2107 695 2102 775 1717 753 1679 775 1546 775 1513 753 1449 769 1374 748 1342 775 1267 780 1187 753 1059 753 1011 780 952 753 845 753 813 775 786 753 690 753 663 780 615 780 588 753 460 764"/></Shape>
	    <String CONTENT="La y auoyt meĩte fãme ⁊ meit home" HPOS="460" VPOS="641" WIDTH="1647" HEIGHT="139"/>
          </TextLine>

          
          
          <TextLine ID="eSc_line_c82143dd" TAGREFS="LT1104" BASELINE="470 871 2113 850" HPOS="465" VPOS="753" WIDTH="1642" HEIGHT="145">
            <Shape><Polygon POINTS="465 828 465 791 540 764 818 780 888 759 968 780 1139 759 1166 785 1193 759 1267 780 1492 759 1535 780 1679 780 1706 753 1727 775 2102 775 2107 807 2102 887 1760 887 1738 866 1690 892 1572 871 1455 892 1406 866 1278 898 1225 871 1134 892 936 871 465 887"/></Shape>
	    <String CONTENT="La poͬ certain estoyent ceulx cõpris" HPOS="465" VPOS="753" WIDTH="1642" HEIGHT="145"/>
          </TextLine>

          
          
          <TextLine ID="eSc_line_383d8427" TAGREFS="LT1104" BASELINE="497 973 2134 973" HPOS="497" VPOS="876" WIDTH="1637" HEIGHT="123">
            <Shape><Polygon POINTS="497 930 497 903 534 882 658 903 786 876 936 876 989 903 1176 876 1353 903 1390 876 1465 903 1497 876 1631 903 2134 903 2134 973 2102 999 2043 978 1984 999 1840 999 1808 978 1770 999 1647 999 1530 973 1390 999 1369 978 1326 994 1241 973 524 999 497 973"/></Shape>
	    <String CONTENT="Que folle amoͬ auoyt rauys ⁊ pris" HPOS="497" VPOS="876" WIDTH="1637" HEIGHT="123"/>
          </TextLine>

          
          
          <TextLine ID="eSc_line_4468168c" TAGREFS="LT1104" BASELINE="449 1085 2188 1069" HPOS="438" VPOS="962" WIDTH="1744" HEIGHT="160">
            <Shape><Polygon POINTS="444 1042 438 1005 502 978 625 1005 882 978 914 1005 1000 1005 1048 973 1182 994 1251 973 1332 999 1460 999 1497 973 1551 994 2102 994 2177 962 2182 1026 2177 1090 2032 1080 1984 1112 1861 1112 1834 1085 1786 1112 1620 1112 1588 1090 1535 1117 1412 1112 1374 1085 1278 1117 1021 1085 834 1122 700 1112 679 1090 524 1117 444 1096"/></Shape>
	    <String CONTENT="Uoyes secrettes leans les conduysoyẽt" HPOS="438" VPOS="962" WIDTH="1744" HEIGHT="160"/>
          </TextLine>

          
          
          <TextLine ID="eSc_line_aae380fa" TAGREFS="LT1104" BASELINE="508 1192 2182 1181" HPOS="502" VPOS="1085" WIDTH="1675" HEIGHT="144">
            <Shape><Polygon POINTS="502 1149 502 1128 599 1090 765 1117 1107 1090 1160 1128 1278 1128 1348 1085 1412 1122 1476 1101 1535 1117 1588 1085 1626 1122 1786 1122 1824 1090 1867 1122 1974 1122 1995 1101 2065 1122 2118 1085 2172 1090 2177 1138 2172 1208 2139 1224 2022 1224 2000 1203 1958 1224 1690 1224 1637 1192 1551 1224 1503 1197 1423 1224 1289 1197 1225 1224 1160 1203 1037 1229 893 1219 872 1197 700 1197 663 1229 599 1197 502 1219"/></Shape>
	    <String CONTENT="Chemys obscurs aleur facon duysoyẽt" HPOS="502" VPOS="1085" WIDTH="1675" HEIGHT="144"/>
          </TextLine>

          
          
          <TextLine ID="eSc_line_b44e6d11" TAGREFS="LT1104" BASELINE="497 1283 2204 1304" HPOS="492" VPOS="1197" WIDTH="1712" HEIGHT="145">
            <Shape><Polygon POINTS="497 1240 497 1213 572 1197 615 1219 872 1197 930 1224 1112 1224 1144 1203 1219 1224 1294 1203 1358 1229 1663 1208 1685 1229 1941 1235 1974 1213 2000 1235 2166 1224 2204 1261 2198 1320 2043 1342 1968 1342 1947 1320 1781 1342 1674 1315 1610 1336 1556 1315 1465 1315 1444 1336 1203 1315 813 1325 791 1304 706 1325 647 1304 492 1320"/></Shape>
	    <String CONTENT="Forest de myrtes leur faisoit couu̾ture" HPOS="492" VPOS="1197" WIDTH="1712" HEIGHT="145"/>
          </TextLine>

          
          
          <TextLine ID="eSc_line_63ee2c33" TAGREFS="LT1104" BASELINE="492 1411 2065 1411" HPOS="492" VPOS="1320" WIDTH="1573" HEIGHT="123">
            <Shape><Polygon POINTS="492 1368 492 1342 545 1320 668 1320 690 1342 748 1320 829 1342 946 1342 968 1320 1016 1342 1203 1320 1251 1342 1444 1342 1465 1320 1567 1320 1588 1342 1642 1320 1738 1342 1861 1342 1888 1320 1915 1342 2065 1342 2065 1422 1931 1438 1722 1422 1685 1443 1642 1422 1604 1443 1583 1422 1476 1422 1439 1443 1273 1443 1021 1422 1000 1443 823 1443 765 1422 743 1443 492 1443"/></Shape>
	    <String CONTENT="Et toͭ au tour agreable saincture" HPOS="492" VPOS="1320" WIDTH="1573" HEIGHT="123"/>
          </TextLine>

          
          
          <TextLine ID="eSc_line_76e12b5a" TAGREFS="LT1104" BASELINE="508 1523 2161 1513" HPOS="502" VPOS="1416" WIDTH="1653" HEIGHT="145">
            <Shape><Polygon POINTS="502 1481 524 1432 722 1448 786 1422 813 1443 904 1432 984 1454 1064 1422 1102 1454 1203 1422 1310 1454 1551 1416 1610 1448 1968 1448 2038 1416 2150 1416 2155 1470 2150 1529 2000 1529 1952 1555 1883 1555 1845 1529 1738 1555 1487 1555 1369 1529 1321 1561 941 1561 898 1534 823 1555 743 1534 502 1545"/></Shape>
	    <String CONTENT="Cure de tristesse dont il eurent asses" HPOS="502" VPOS="1416" WIDTH="1653" HEIGHT="145"/>
          </TextLine>

          
          
          <TextLine ID="eSc_line_90ccd489" TAGREFS="LT1104" BASELINE="492 1630 2118 1620" HPOS="486" VPOS="1534" WIDTH="1627" HEIGHT="144">
            <Shape><Polygon POINTS="486 1587 534 1539 1294 1566 1364 1534 1412 1534 1439 1561 1792 1561 1818 1534 1947 1561 1995 1534 2113 1577 2107 1673 1963 1652 1899 1673 1840 1641 1802 1673 1300 1657 1193 1678 1021 1662 1000 1641 845 1641 818 1662 743 1662 722 1641 652 1662 486 1646"/></Shape>
	    <String CONTENT="En leur uiuãt ne les auoit laisses" HPOS="486" VPOS="1534" WIDTH="1627" HEIGHT="144"/>
          </TextLine>

          
          
          <TextLine ID="eSc_line_ffa35b97" TAGREFS="LT1104" BASELINE="460 1759 2043 1743" HPOS="449" VPOS="1646" WIDTH="1589" HEIGHT="145">
            <Shape><Polygon POINTS="454 1716 449 1652 593 1652 636 1678 727 1652 807 1662 834 1689 979 1646 1096 1684 1294 1684 1316 1662 1802 1678 1867 1646 1899 1678 1984 1657 2032 1673 2038 1700 2032 1753 1888 1780 1711 1780 1604 1753 1503 1785 1406 1785 1374 1759 1214 1759 1193 1780 1160 1759 1043 1759 1021 1780 984 1759 882 1791 658 1791 588 1764 454 1780"/></Shape>
	    <String CONTENT="La fut phedra procris ⁊ eriphyle" HPOS="449" VPOS="1646" WIDTH="1589" HEIGHT="145"/>
          </TextLine>

          
          
          <TextLine ID="eSc_line_02a93fc2" TAGREFS="LT1104" BASELINE="497 1865 2376 1851" HPOS="486" VPOS="1748" WIDTH="1883" HEIGHT="150">
            <Shape><Polygon POINTS="486 1817 486 1796 556 1764 652 1791 791 1791 813 1769 866 1791 979 1759 1048 1796 1069 1775 1187 1785 1214 1759 1251 1796 1294 1796 1369 1759 1423 1796 1524 1791 1567 1753 1685 1759 1722 1791 1834 1785 1861 1759 2016 1791 2091 1753 2129 1791 2177 1791 2220 1748 2364 1748 2369 1807 2364 1865 2262 1887 2145 1865 2107 1892 2027 1892 1958 1865 1915 1892 1818 1892 1797 1871 1754 1892 1519 1892 1492 1865 1428 1865 1267 1871 1235 1898 1150 1898 1123 1871 1069 1898 834 1892 786 1871 551 1871 486 1898"/></Shape>
	    <String CONTENT="Qui meste et triste mõstroyt la playe uile" HPOS="486" VPOS="1748" WIDTH="1883" HEIGHT="150"/>
          </TextLine>

          
          
          <TextLine ID="eSc_line_21ccc4c5" TAGREFS="LT1104" BASELINE="492 1972 2155 1962" HPOS="486" VPOS="1871" WIDTH="1664" HEIGHT="139">
            <Shape><Polygon POINTS="486 1930 486 1892 534 1876 625 1876 674 1903 732 1876 791 1876 818 1903 861 1882 893 1903 1064 1903 1128 1876 1171 1903 1246 1903 1316 1871 1396 1871 1417 1892 1492 1871 1519 1898 1754 1898 1786 1876 1813 1898 1909 1898 1936 1871 2097 1898 2145 1876 2150 1919 2145 1972 1995 1978 1963 1999 1941 1983 1909 2005 1679 2005 1647 1972 1524 2005 1487 1972 1390 1994 1353 1972 1278 1978 1246 2010 1021 2010 962 1978 925 2010 781 1988 727 2005 700 1978 534 1978 486 2010"/></Shape>
	    <String CONTENT="Que son cruel enfãt luy auoyt fait" HPOS="486" VPOS="1871" WIDTH="1664" HEIGHT="139"/>
          </TextLine>

          
          
          <TextLine ID="eSc_line_3d7cc886" TAGREFS="LT1104" BASELINE="465 2090 2145 2074" HPOS="460" VPOS="1983" WIDTH="1679" HEIGHT="139">
            <Shape><Polygon POINTS="460 2047 460 2010 518 1994 909 2021 946 1994 1032 2015 1444 2015 1503 1988 1572 2015 1599 1983 1653 1983 1679 2010 1904 2010 1936 1983 2075 2010 2102 1983 2139 2031 2134 2117 1711 2117 1599 2085 1556 2106 1508 2090 1465 2122 1412 2122 1380 2090 1235 2122 1027 2117 1000 2095 920 2095 882 2122 781 2117 759 2095 679 2095 641 2122 583 2095 460 2117"/></Shape>
	    <String CONTENT="Sy fut euadue et pasyphe en effait" HPOS="460" VPOS="1983" WIDTH="1679" HEIGHT="139"/>
          </TextLine>

          
          
          <TextLine ID="eSc_line_1a5b2766" TAGREFS="LT1104" BASELINE="460 2192 1995 2202" HPOS="454" VPOS="2095" WIDTH="1541" HEIGHT="134">
            <Shape><Polygon POINTS="460 2149 460 2117 502 2122 529 2095 604 2122 679 2095 754 2095 781 2122 1000 2095 1027 2122 1230 2127 1428 2127 1497 2101 1556 2101 1583 2127 1642 2101 1754 2127 1963 2111 1990 2122 1995 2160 1990 2229 1663 2202 1428 2229 1380 2202 1337 2218 1225 2197 1107 2202 1086 2224 1011 2224 984 2197 839 2224 807 2202 754 2224 492 2224 454 2192"/></Shape>
	    <String CONTENT="Aussy celle quon dit laodomye" HPOS="454" VPOS="2095" WIDTH="1541" HEIGHT="134"/>
          </TextLine>

          
          
          <TextLine ID="eSc_line_746cbb75" TAGREFS="LT1104" BASELINE="486 2309 2091 2299" HPOS="481" VPOS="2202" WIDTH="1605" HEIGHT="139">
            <Shape><Polygon POINTS="481 2266 481 2240 534 2208 636 2240 711 2240 765 2208 823 2208 850 2234 973 2208 1005 2240 1075 2240 1118 2208 1283 2202 1326 2234 1503 2234 1663 2202 1760 2234 2081 2234 2086 2256 2081 2336 2032 2315 1583 2336 1556 2309 1278 2341 882 2341 855 2315 663 2341 636 2315 481 2320"/></Shape>
	    <String CONTENT="Qui fut lealle de protesille amye" HPOS="481" VPOS="2202" WIDTH="1605" HEIGHT="139"/>
          </TextLine>

          
          
          <TextLine ID="eSc_line_679bae4a" TAGREFS="LT1104" BASELINE="497 2416 2166 2406" HPOS="492" VPOS="2320" WIDTH="1669" HEIGHT="139">
            <Shape><Polygon POINTS="492 2373 492 2325 738 2352 813 2325 898 2352 1305 2352 1487 2347 1513 2320 1727 2347 1818 2347 1845 2320 1877 2347 1920 2320 2075 2347 2155 2320 2161 2363 2155 2422 2075 2454 1669 2454 1615 2422 1551 2422 1497 2454 1294 2459 1075 2459 1037 2427 957 2454 781 2427 492 2443"/></Shape>
	    <String CONTENT="De ceulx compaigne fut certessene" HPOS="492" VPOS="2320" WIDTH="1669" HEIGHT="139"/>
          </TextLine>

          
          
          <TextLine ID="eSc_line_3e9d1883" TAGREFS="LT1104" BASELINE="486 2528 2150 2518" HPOS="481" VPOS="2432" WIDTH="1664" HEIGHT="134">
            <Shape><Polygon POINTS="481 2486 534 2438 925 2464 1037 2438 1069 2459 1283 2464 1471 2443 1513 2459 1540 2432 1626 2432 1653 2459 2118 2448 2145 2475 2139 2561 1979 2528 1909 2561 1786 2539 1765 2561 1305 2566 1176 2566 1144 2534 1005 2534 973 2566 850 2534 732 2566 652 2534 604 2555 577 2534 481 2539"/></Shape>
	    <String CONTENT="Qui deux sexes par auãt auoyt euz" HPOS="481" VPOS="2432" WIDTH="1664" HEIGHT="134"/>
          </TextLine>

          
          
          <TextLine ID="eSc_line_f91c67b9" TAGREFS="LT1104" BASELINE="476 2630 2177 2641" HPOS="470" VPOS="2534" WIDTH="1707" HEIGHT="150">
            <Shape><Polygon POINTS="476 2587 476 2550 524 2534 604 2561 652 2534 716 2566 791 2561 823 2534 877 2561 936 2534 968 2566 1005 2534 1139 2534 1176 2566 1348 2571 1749 2571 1786 2539 1856 2571 1936 2539 2038 2539 2075 2566 2177 2571 2172 2662 2059 2684 1915 2662 1840 2684 1503 2684 1476 2662 1235 2678 1193 2657 1075 2678 818 2657 738 2678 652 2678 631 2657 470 2667"/></Shape>
	    <String CONTENT="Iadis fut fãme ⁊ par apres fut hõme" HPOS="470" VPOS="2534" WIDTH="1707" HEIGHT="150"/>
          </TextLine>

          
          
          <TextLine ID="eSc_line_903ef272" TAGREFS="LT1104" BASELINE="476 2748 2145 2758" HPOS="470" VPOS="2662" WIDTH="1675" HEIGHT="128">
            <Shape><Polygon POINTS="476 2705 476 2678 561 2662 652 2684 936 2662 984 2684 1112 2667 1380 2689 1423 2667 1508 2689 1920 2667 2022 2689 2107 2673 2145 2716 2139 2790 2091 2764 1974 2764 1947 2790 1845 2790 1818 2764 1760 2790 1674 2790 1631 2764 1455 2764 1412 2785 1390 2764 1300 2785 1219 2764 1155 2785 1112 2758 979 2758 920 2785 625 2785 599 2758 502 2785 470 2764"/></Shape>
	    <String CONTENT="Puys retourna en sa pmiere forme" HPOS="470" VPOS="2662" WIDTH="1675" HEIGHT="128"/>
          </TextLine>

          
          
          <TextLine ID="eSc_line_70c1f5c8" TAGREFS="LT1104" BASELINE="486 2871 2102 2871" HPOS="486" VPOS="2769" WIDTH="1616" HEIGHT="144">
            <Shape><Polygon POINTS="486 2828 486 2796 572 2769 641 2796 941 2796 968 2769 1027 2796 1080 2769 1150 2796 1225 2774 1321 2796 1369 2769 1449 2796 1481 2769 1535 2769 1562 2796 1594 2769 1685 2796 1765 2796 1792 2769 1851 2796 2102 2774 2102 2903 2070 2913 1931 2913 1904 2887 1813 2887 1781 2913 1572 2913 1530 2887 1439 2887 1412 2913 1257 2913 1203 2887 1139 2908 962 2913 888 2887 861 2908 727 2913 486 2887"/></Shape>
	    <String CONTENT="Entre ceulx la fut dydo la phenisse" HPOS="486" VPOS="2769" WIDTH="1616" HEIGHT="144"/>
          </TextLine>

          
          
          <TextLine ID="eSc_line_d9656c65" TAGREFS="LT1104" BASELINE="449 2972 2161 2983" HPOS="444" VPOS="2881" WIDTH="1717" HEIGHT="134">
            <Shape><Polygon POINTS="449 2929 465 2881 604 2908 855 2908 888 2881 930 2908 1128 2908 1198 2881 1305 2913 1406 2913 1433 2887 1524 2887 1567 2913 1781 2908 1808 2887 1899 2887 1936 2913 2102 2897 2150 2903 2161 2940 2155 2994 2091 3015 1744 3015 1722 2994 1669 3015 1562 3015 1530 2994 1423 3015 1342 2994 1310 3015 1278 2988 1198 3010 1171 2988 1053 3010 973 2988 909 3010 679 2988 625 3010 583 2988 444 2988"/></Shape>
	    <String CONTENT="Ayant encore la malheureuse ⁊ nyce" HPOS="444" VPOS="2881" WIDTH="1717" HEIGHT="134"/>
          </TextLine>

          
          
          <TextLine ID="eSc_line_f18675c3" TAGREFS="LT1104" BASELINE="460 3101 2177 3085" HPOS="454" VPOS="2983" WIDTH="1718" HEIGHT="155">
            <Shape><Polygon POINTS="454 3058 454 3015 492 3026 529 2994 679 3020 748 2994 786 3026 973 2994 1011 3026 1096 2988 1166 2988 1198 3020 1316 3020 1348 2988 1444 3020 1508 2988 1540 3020 1594 3020 1658 3015 1695 2983 1744 3015 2097 3015 2166 2983 2172 3042 2166 3106 2129 3101 2102 3127 2027 3127 2000 3101 1931 3127 1749 3101 1717 3127 1487 3106 1423 3133 1069 3117 1021 3138 454 3117"/></Shape>
	    <String CONTENT="Sa playe fresche celle lors sans arrest" HPOS="454" VPOS="2983" WIDTH="1718" HEIGHT="155"/>
          </TextLine>

          
          
          <TextLine ID="eSc_line_1ef31ae8" TAGREFS="LT1104" BASELINE="492 3213 2188 3197" HPOS="486" VPOS="3106" WIDTH="1696" HEIGHT="134">
            <Shape><Polygon POINTS="486 3170 486 3117 1048 3138 1069 3117 1481 3133 1503 3111 1578 3111 1610 3133 1717 3127 1738 3106 1856 3127 1931 3127 1952 3106 2102 3127 2177 3106 2182 3154 2172 3213 2097 3234 1899 3234 1877 3213 1808 3234 1744 3208 1594 3240 1439 3240 1396 3213 1209 3213 1176 3240 973 3218 909 3240 882 3218 700 3218 668 3240 486 3224"/></Shape>
	    <String CONTENT="Chemynoyt certes en la grãde forest" HPOS="486" VPOS="3106" WIDTH="1696" HEIGHT="134"/>
          </TextLine>

          
          
          <TextLine ID="eSc_line_ab74c124" TAGREFS="LT1104" BASELINE="486 3320 2209 3320" HPOS="486" VPOS="3218" WIDTH="1723" HEIGHT="134">
            <Shape><Polygon POINTS="486 3277 486 3245 540 3224 690 3245 738 3218 882 3218 914 3245 957 3218 1048 3245 1187 3245 1214 3218 1380 3245 1679 3245 1706 3218 1818 3245 1877 3218 1915 3245 2091 3245 2118 3218 2209 3240 2198 3352 2086 3352 2059 3325 1984 3352 1770 3352 1744 3325 1685 3325 1658 3352 1562 3352 1535 3325 1358 3325 1332 3352 1011 3352 968 3325 920 3352 882 3325 829 3352 652 3352 620 3325 508 3352 486 3330"/></Shape>
	    <String CONTENT="Quãt le seigneͬ troyan laduisa telle" HPOS="486" VPOS="3218" WIDTH="1723" HEIGHT="134"/>
          </TextLine>

          
          
          <TextLine ID="eSc_line_76ff7e18" TAGREFS="LT1104" BASELINE="481 3432 2118 3421" HPOS="476" VPOS="3325" WIDTH="1637" HEIGHT="139">
            <Shape><Polygon POINTS="476 3389 476 3357 545 3330 658 3357 813 3357 845 3330 904 3357 952 3330 1011 3357 1289 3357 1348 3325 1535 3325 1562 3352 1979 3352 2048 3325 2107 3352 2113 3379 2107 3427 2070 3437 1861 3427 1829 3459 1669 3459 1626 3427 1353 3427 1283 3464 775 3464 743 3443 658 3464 476 3437"/></Shape>
	    <String CONTENT="Et quil cõgneut ꝑ lũbre q̃ cest elle" HPOS="476" VPOS="3325" WIDTH="1637" HEIGHT="139"/>
          </TextLine>

          
          
          <TextLine ID="eSc_line_d2a66ec2" TAGREFS="LT1104" BASELINE="476 3539 2193 3523" HPOS="470" VPOS="3437" WIDTH="1718" HEIGHT="139">
            <Shape><Polygon POINTS="470 3496 481 3448 679 3475 711 3453 984 3475 1107 3453 1209 3469 1246 3443 1267 3464 1305 3448 1326 3469 1503 3469 1530 3443 1615 3437 1674 3464 1883 3437 2129 3464 2172 3437 2188 3480 2182 3566 2129 3539 1995 3566 1685 3539 1610 3571 1530 3571 1508 3550 1439 3571 1390 3544 1037 3576 904 3550 839 3576 470 3555"/></Shape>
	    <String CONTENT="Tout en ce point cõe quãt aulcũ uoyt" HPOS="470" VPOS="3437" WIDTH="1718" HEIGHT="139"/>
          </TextLine>

          
          
          <TextLine ID="eSc_line_9c840016" TAGREFS="LT1104" BASELINE="476 3651 2086 3641" HPOS="470" VPOS="3550" WIDTH="1611" HEIGHT="139">
            <Shape><Polygon POINTS="470 3609 470 3571 561 3555 636 3576 839 3576 861 3555 909 3576 1209 3576 1316 3550 1444 3571 1492 3550 1530 3571 1658 3571 1679 3550 1995 3571 2075 3550 2081 3598 2075 3683 1925 3683 1888 3651 1551 3651 1519 3683 1267 3689 1048 3689 1016 3657 845 3657 797 3689 652 3678 625 3657 470 3662"/></Shape>
	    <String CONTENT="Ou cuyde uoyr sy loeil ne le decoyt" HPOS="470" VPOS="3550" WIDTH="1611" HEIGHT="139"/>
          </TextLine>

          
          
          <TextLine ID="eSc_line_fd409eb5" TAGREFS="LT1104" BASELINE="460 3769 2209 3769" HPOS="460" VPOS="3667" WIDTH="1749" HEIGHT="134">
            <Shape><Polygon POINTS="460 3726 460 3667 583 3673 604 3694 652 3678 679 3699 797 3699 850 3667 957 3689 1032 3667 1064 3699 1524 3699 1556 3667 1653 3667 1733 3699 2027 3699 2086 3667 2209 3667 2209 3780 2065 3801 1433 3801 1412 3780 1267 3780 1246 3801 946 3780 460 3796"/></Shape>
	    <String CONTENT="Nouuelle lune qui ꝯmẽce aparoystre" HPOS="460" VPOS="3667" WIDTH="1749" HEIGHT="134"/>
          </TextLine>

          
          
          <TextLine ID="eSc_line_2aa8749d" TAGREFS="LT1104" BASELINE="486 3876 2326 3870" HPOS="476" VPOS="3727" WIDTH="1909" HEIGHT="186">
            <Shape><Polygon POINTS="476 3828 481 3780 727 3801 829 3780 925 3801 1380 3780 1406 3806 1963 3806 1990 3785 2043 3806 2139 3780 2166 3806 2314 3727 2385 3797 2311 3892 2182 3913 1781 3913 1744 3887 1706 3913 476 3892"/></Shape>
	    <String CONTENT="Entre les nues q̃̃ payne on peult ꝯgnoistre" HPOS="476" VPOS="3727" WIDTH="1909" HEIGHT="186"/>
          </TextLine>

          
          
          <TextLine ID="eSc_line_b00f99bb" TAGREFS="LT1104" BASELINE="454 3993 2172 3983" HPOS="444" VPOS="3887" WIDTH="1722" HEIGHT="144">
            <Shape><Polygon POINTS="449 3951 444 3919 518 3892 647 3919 711 3892 1300 3919 1508 3913 1546 3892 1578 3913 1695 3913 1744 3887 1776 3913 2161 3908 2166 3940 2161 3993 2118 4020 1861 4020 1834 3993 1781 4020 1695 3999 1604 4020 1562 3993 1401 3993 1369 4020 1203 3999 1112 4026 989 4026 941 3999 877 4026 802 3999 668 4026 641 3999 593 3999 449 4031"/></Shape>
	    <String CONTENT="Ainsy la uit eneas en tyeulx termes" HPOS="444" VPOS="3887" WIDTH="1722" HEIGHT="144"/>
          </TextLine>

          
          
          <TextLine ID="eSc_line_64b42cee" TAGREFS="LT1104" BASELINE="470 4100 2129 4090" HPOS="465" VPOS="3999" WIDTH="1658" HEIGHT="133">
            <Shape><Polygon POINTS="465 4058 465 4026 588 4004 668 4026 791 4004 1134 4026 1198 4004 1369 4020 1396 3999 1481 4020 1535 3999 1594 4020 1690 3999 1711 4020 1786 4020 1840 3999 1861 4020 2118 4020 2123 4047 2097 4127 1974 4127 1915 4100 1642 4100 1615 4127 1417 4100 1385 4127 1294 4106 1107 4132 855 4132 732 4106 583 4132 556 4106 465 4111"/></Shape>
	    <String CONTENT="Qͥ getta lors grãde foison de lermes" HPOS="465" VPOS="3999" WIDTH="1658" HEIGHT="133"/>
          </TextLine>

          
          
          <TextLine ID="eSc_line_43acfd9d" TAGREFS="LT1104" BASELINE="470 4213 2225 4197" HPOS="465" VPOS="4106" WIDTH="1755" HEIGHT="144">
            <Shape><Polygon POINTS="465 4170 465 4132 529 4116 588 4138 684 4116 716 4143 743 4122 770 4143 909 4122 1016 4143 1069 4116 1187 4138 1300 4111 1380 4138 1417 4111 1487 4111 1530 4138 1610 4138 1637 4106 1754 4106 1781 4132 1829 4132 1856 4106 2097 4132 2145 4106 2220 4154 2214 4245 1925 4245 1818 4213 1679 4245 1637 4229 1610 4250 1289 4229 1171 4250 968 4223 679 4245 465 4223"/></Shape>
	    <String CONTENT="Et damour doulce sãs plꝰ dissimuler" HPOS="465" VPOS="4106" WIDTH="1755" HEIGHT="144"/>
          </TextLine>

          
          
          <TextLine ID="eSc_line_845bf637" TAGREFS="LT1104" BASELINE="460 4325 1931 4304" HPOS="454" VPOS="4218" WIDTH="1471" HEIGHT="144">
            <Shape><Polygon POINTS="454 4282 476 4234 631 4229 684 4255 716 4234 754 4261 823 4223 1182 4255 1262 4229 1369 4250 1770 4245 1813 4218 1856 4245 1915 4239 1925 4261 1920 4320 1877 4330 1658 4320 1631 4346 1551 4352 1497 4352 1471 4325 1182 4357 1011 4357 979 4336 941 4357 823 4341 807 4362 652 4336 454 4341"/></Shape>
	    <String CONTENT="Auec elle commenca a parler" HPOS="454" VPOS="4218" WIDTH="1471" HEIGHT="144"/>
          </TextLine>

          
          
          <TextLine ID="eSc_line_b311a6ff" TAGREFS="LT1104" BASELINE="465 4432 2032 4421" HPOS="460" VPOS="4336" WIDTH="1567" HEIGHT="133">
            <Shape><Polygon POINTS="460 4389 460 4362 497 4341 1235 4362 1262 4341 1283 4357 1487 4336 1530 4357 2022 4357 2027 4378 2022 4443 1968 4464 1845 4464 1813 4437 1706 4437 1679 4464 1412 4464 1385 4443 1348 4464 1102 4469 936 4469 888 4443 807 4443 781 4469 460 4453"/></Shape>
	    <String CONTENT="O fortunee princesse de cartaige" HPOS="460" VPOS="4336" WIDTH="1567" HEIGHT="133"/>
          </TextLine>

          
          
          <TextLine ID="eSc_line_a4c51f3f" TAGREFS="LT1104" BASELINE="454 4550 2236 4528" HPOS="444" VPOS="4437" WIDTH="1786" HEIGHT="145">
            <Shape><Polygon POINTS="449 4507 444 4459 470 4475 492 4453 583 4480 668 4459 775 4480 802 4453 866 4448 1000 4475 1064 4453 1102 4475 1305 4475 1369 4443 1417 4469 1674 4469 1754 4437 1824 4437 1851 4464 2065 4437 2097 4464 2225 4459 2230 4485 2230 4539 2145 4571 1845 4555 1658 4576 1631 4550 1546 4550 1519 4576 1406 4550 1267 4582 1187 4582 1160 4555 1128 4582 957 4555 449 4571"/></Shape>
	    <String CONTENT="Hores cõgnoys que uray ⁊ seͬ messaige" HPOS="444" VPOS="4437" WIDTH="1786" HEIGHT="145"/>
          </TextLine>

          
          
          <TextLine ID="eSc_line_602fd365" TAGREFS="LT1104" BASELINE="449 4646 2198 4656" HPOS="444" VPOS="4560" WIDTH="1754" HEIGHT="134">
            <Shape><Polygon POINTS="449 4603 449 4571 658 4560 1321 4560 1369 4582 2145 4566 2193 4582 2198 4614 2193 4662 2081 4662 2038 4694 1861 4689 1813 4662 1679 4694 1567 4694 1535 4662 1439 4694 1332 4694 1267 4656 1219 4689 1144 4656 1080 4656 1048 4689 893 4689 834 4656 781 4689 604 4689 556 4662 444 4683"/></Shape>
	    <String CONTENT="Me fist rapport que tu estoys estaincte" HPOS="444" VPOS="4560" WIDTH="1754" HEIGHT="134"/>
          </TextLine>

          
          
          <TextLine ID="eSc_line_565b1732" TAGREFS="LT1104" BASELINE="454 4769 2252 4753" HPOS="449" VPOS="4662" WIDTH="1797" HEIGHT="144">
            <Shape><Polygon POINTS="449 4726 449 4694 502 4672 593 4672 620 4699 775 4699 807 4672 1043 4699 1123 4667 1187 4694 1241 4667 1294 4694 1476 4694 1503 4667 1642 4694 2054 4689 2123 4662 2241 4662 2246 4710 2241 4795 2139 4779 1599 4801 1487 4779 1209 4801 1118 4779 1027 4806 797 4806 770 4785 663 4806 449 4785"/></Shape>
	    <String CONTENT="Et que despee dadans le tyen sang taĩte" HPOS="449" VPOS="4662" WIDTH="1797" HEIGHT="144"/>
          </TextLine>

          
          
          <TextLine ID="eSc_line_a5cc3c48" TAGREFS="LT1104" BASELINE="481 4876 2065 4865" HPOS="476" VPOS="4779" WIDTH="1583" HEIGHT="139">
            <Shape><Polygon POINTS="476 4833 486 4785 658 4806 684 4785 861 4806 1423 4801 1476 4779 1626 4801 2000 4795 2054 4801 2059 4908 1674 4913 1631 4886 1540 4913 1380 4876 1326 4913 1262 4918 1187 4881 1123 4918 973 4918 877 4881 609 4918 572 4881 476 4881"/></Shape>
	    <String CONTENT="Suyuye auoys crueuse extremyte" HPOS="476" VPOS="4779" WIDTH="1583" HEIGHT="139"/>
          </TextLine>

          
          
          <TextLine ID="eSc_line_8f4e2fd5" TAGREFS="LT1104" BASELINE="486 4983 2032 4988" HPOS="481" VPOS="4892" WIDTH="1551" HEIGHT="192">
            <Shape><Polygon POINTS="486 4940 486 4913 518 4908 615 4918 775 4892 968 4918 1118 4918 1150 4892 1225 4918 1316 4918 1364 4892 1535 4913 1653 4892 1733 4918 1872 4918 1915 4897 2027 4918 2032 4945 2027 5036 1856 5036 1802 5079 1631 5057 1604 5084 1524 5063 1289 5084 1235 5047 1166 5084 893 5084 839 5036 588 5052 481 5031"/></Shape>
	    <String CONTENT="Dont ie regrette celle calamyte" HPOS="481" VPOS="4892" WIDTH="1551" HEIGHT="192"/>
          </TextLine>

          
        </TextBlock>
        

        
      </PrintSpace>
    </Page>
  </Layout>
</alto>
