5311 6421
1204 422 1478 262 Lors eneas eut pitie en son ame

1236 652 1612 139 Du cas inique de celle poure dame

1215 765 1783 139 Auecq̃z loiel la conduyt et poursuyt

1236 872 1521 144 Dedans le boys a coup elle fuyt

1215 984 1622 155 Apres cela il leur cõuint ꝑfaire

1215 1118 1670 128 La uoye deue et chemyn necessaire

1226 1214 1852 145 Desia estoyent pres des derniers champs

1236 1332 1740 139 Ou les gens clers uertue̽ nõ meschans

1220 1434 1467 149 Desampares de subdite mesnye

1226 1557 1659 133 Frequẽtoyent en noble compaygnye

1209 1648 1762 160 Bataille et armes sy cõe en leur uiuãt

1199 1776 1734 144 Le tout premier luy courut au deuãt

1215 1888 1740 139 Le preux thydee et inclite en courage

1247 2001 1665 133 Parthenopee et dadraste lymaige

1247 2113 1842 134 Pale et deffaicte ce̽ furẽt monlt pleures

1252 2231 1644 112 Quãt mort les eut en terre deuores

1226 2322 1697 144 Aussy la furent les occis dardanides

1252 2450 1735 129 Qui en bataille moururẽt sãs aydes

1258 2568 1713 128 Quãt eneas par long ordre les ueit

1258 2680 1654 129 Femir se print ⁊ apayne assouuyt

1193 2777 1906 144 Ses yeulx de pleur la fut glauq̃ ⁊ medonte

1242 2894 1633 134 Thersiloque qui en uertu surmonte

1247 3001 1702 129 Et danthenor en semble les troys filz

1247 3108 1520 145 En bataille crueuse desconfilz

1231 3226 1815 134 Anssy fut certes auec eulx en retraicte

1220 3333 1376 150 Le consacre a seres polibete

1231 3445 1745 145 Ydee aurigue apres ceulx la uenoyt

1226 3569 1627 123 Qui ses armes ⁊ son curre tenoyt

1209 3659 1692 156 Brief les ames qͥ toutes leãs furẽt

1247 3793 1622 123 Quãt eneas ueirent ⁊ apceurent

1242 3900 1654 139 Au tour de luy a destre ⁊ a senestre

1242 4013 1857 133 Toutes se meirent cõe au seigne ⁊ maistre

1252 4120 1521 139 Et de le uoir une foys ne souffit

1252 4221 1639 155 Tãt est leur cueͬ de grãt ioye cõfit

1199 4344 1900 145 Monlt plaisir prẽnẽt fe̾ au luy lõgue pause

1252 4462 1521 134 Et de scauoir le motif et la cause

1247 4564 1611 139 De sa uenue ne qui la le menoyt

1236 4676 1842 139 Chm̃ droyt soy grand plaisir demenoit

1188 4788 1890 140 Maiz quãt les nobles gregois ⁊ les phalãges

1204 4901 1638 225 Agamenones diuerses ⁊ estrãges

3078 433 1815 251 Ueirent cest hõme ⁊ ses armes luysãtes

3089 642 1713 149 Pmy les umbres obscures et latentes

3105 754 1708 155 De grande peur a trembler cõmãceret

3105 872 1659 144 Partye deux de fouyr ne cesserent

3110 973 1713 172 Tournant le dos ainsy que forcenes

3121 1107 1617 139 Cõme iadis fuyoent a leurs nefz

3099 1209 1756 150 Aulcuns aussy tournãs apart leͬ face

3110 1327 1788 133 Entre eulx ployent a uoix petite ⁊ basse

3110 1423 1719 144 Et leur clameur a moytie cõmansee

3110 1551 1633 150 Estoyt par peur ⁊ ꝑ crainte cassee

3105 1669 1750 134 La par apres en trop piteux spectacle

3089 1776 1456 144 Ueit eneas en celuy habitacle

3115 1878 1703 160 Deyphebus qui ꝑ trop grand discors

3105 2006 1756 118 Auoyt naure ⁊ tout meurtry le corps

3121 2113 1643 139 Sa face estoyt de glayues ⁊ despees

3121 2215 1858 139 Toute blessee ⁊ les deux mains coupees

3105 2316 1734 156 Le chief difforme oreilles arrachees

3094 2439 1670 150 Les narines fenduees ⁊ tranchees

3105 2552 1890 144 Par playe honteuse miserable ⁊ uilayne

3126 2659 1890 150 Cy queneas peult cõgnoistre a grãt payne

3137 2777 1713 149 Ce deffait hõme trop malemẽt deceu

3121 2884 1745 149 Qui bien creygnoyt estre lors aꝑceu

3115 3001 1773 145 Et qͥ tachoyt ꝑ tous moyens possibles

3126 3114 1842 144 Couurir ses playes sy grãdes ⁊ terribles

3073 3231 1665 134 Lors de bon gre ⁊ de cõgneue uoix

3115 3333 1430 145 Parla a luy enee a celle foys

3115 3440 1628 150 Odeyphebe sy preux ⁊ si puyssant

3083 3552 1799 145 Iadis en armes du sang troyen yssant

3121 3670 1761 145 Qui est celuy tant cruel et haussayre

3121 3788 1611 139 Qui a ouze contre toy cecy fayre

3121 3895 1729 144 Et qui aussy ꝑ forces inhumaynes

3131 4007 1874 139 A ouze prendre de toy sy grãdes paynes

3099 4120 1746 139 Mays qui est cil qͥ a prĩs le plaisir

3094 4221 1826 155 Ainssin ton corps de mẽbres dessaisir

3137 4344 1729 134 La nuyt q̃ troye fut arse ⁊ cõsumee

3121 4451 1579 134 Piteuse fame ⁊ fresche renõmee

3110 4558 1831 145 Me feist rapport q̃pres meite prouesse

3126 4671 1719 139 Par toy faicte contre la gent de grece

3126 4788 1740 134 Apres meintz coups ⁊ hõmes cõbatus

3115 4901 1623 176 Par ton glayue rues et abatus
