5307 6416
486 390 1611 267 Tu foyble et laz en si grãde caterue

497 636 1717 128 Cheuz au monceau ⁊ au pite̽ acerue

502 748 1579 134 Des gens occis ⁊ la tu demouras

497 860 1707 139 Dont toute troye ꝑte faiz hõnouras

492 978 1696 139 Et lors ie mesmes te basty sepulture

470 1085 1573 144 Au port rethee selon ta geniture

497 1208 1685 134 Et appellay en ce lieu par troys foys

476 1304 1872 160 Les infernaulx manes ahaulte uoix

492 1438 1749 133 Ton nõ ⁊ armes ẽcore le lieu gardent

492 1555 1690 134 Ceux qͥ y passet les uoyẽt ⁊ regardẽt

470 1662 1685 134 Helas amy ie ne peu trouuer lors

481 1764 1600 144 Quãt ie ꝑty ton miserable corps

486 1892 1669 134 Et neu pouer apres si forte guerre

486 2005 1525 122 De le pouser en la patrye terre

460 2095 1626 150 Lors deyphebe trauaille et lasse

470 2213 1675 139 Luy dist amy tu nas ryen delaysse

486 2325 1776 139 En mon endroyt de ce quil falloit faire

476 2448 1840 123 Ains as bien sceu a mon cas satisfaire

438 2545 1701 144 Maiz ma fortũe ⁊ le peche deslayne

465 2673 1824 134 Trop execrable mot mys en celle payne

283 2780 1835 139 Elle a laysse monumãt ⁊ meoire

481 2887 1733 144 Cõmẽt on doibt a coup a fẽme croyre

433 2994 1653 144 Tu scays asses cõme laz fut passee

465 3111 1744 129 La nuyt supreme poͬ noꝰ trop auãcee

476 3224 1744 128 En faulces ioyes dont si mal noꝰ aduĩt

470 3325 1771 144 Grand ayse aroye sy plꝰ ne mẽ souuĩt

465 3448 1739 139 Quãt le cheual faye ꝑ ieux ⁊ saulx

460 3560 1797 129 Sur transsande sur les ꝑgames haulx

465 3667 1760 134 Et q̃ a sõ uentre ꝑ ung cas trop urgẽt

427 3774 1440 150 Il apporta celle gregoyse gent

449 3892 1835 139 Alors helayne feignant ꝑfaiz iniques

465 4004 1856 139 Faire assemblee ioyeuse ⁊ ieux bachiques

465 4116 1856 134 Feist la uenir meintz troyẽnes pucelles

460 4218 1765 150 Et elle mesmes deduyssoyt auec elles

470 4341 1776 139 Grans feux de ioye alume ⁊ leãs dresse

481 4453 1386 129 Cõme fẽme remplye de liesse

481 4555 1605 128 Et se pendant ꝑ une haulte tour

476 4648 1777 158 En mon palays mettoyt grecz toͭ autoͬ

465 4779 1669 139 Lors ie confit et agraue de sompne

476 4892 1482 176 Et de soucy cõme triste ꝑsonne

2359 417 1722 245 Au lit me mys malheureux et diuers

2380 625 1648 150 Et quant ie fus tout couche alenuers

2332 737 1717 155 Non passant telle la chouse dispousee

2391 860 1648 150 Plaissant dormir et doulce respousee

2391 978 1615 144 Agrauerent mes mẽbres ⁊ mes sens

2391 1074 1787 161 Et les rendirent cõme mors impuissãs

2369 1192 1702 150 Lors me uoyant celle notable espouse

2386 1320 1604 150 Ainsy gesir grand malice propouse

2396 1432 1536 150 Toutes armes ⁊ glayues a foyson

2391 1539 1776 145 Qui leans furent pour seurte de maysõ

2391 1652 1637 133 Elle les oste ⁊ apart les transporte

2380 1743 1921 160 Pour quau reueil ma gent ne soit plꝰ forte

2391 1865 1829 166 Et bñ sceut prãdre mõ glayue ꝑ meschief

2391 1988 1856 156 Qui lors pendoyt au plus pres de mõchief

2391 2095 1728 155 Quãt toͭ eut fait car bñ en eut laysine

2380 2218 1696 139 Les grecz appelle ⁊ leur feist feal signe

2369 2320 1734 139 Les portes euure sy meist toͭ au de dãs

2343 2448 1476 134 Menelaꝰ ⁊ tous ses pretendans

2396 2550 1696 155 En esperant que par tel don ⁊ gaige

2380 2673 1605 134 A payseroit le cueur et le couraige

2396 2785 1621 134 De cil qui fut son p̾merain espoux

2279 2897 1818 139 Menelaus ⁊ que le mauluays loux

2396 3004 1776 145 Quelle eut acquis ꝑ la faulte ãciẽne

2359 3111 1647 150 Rendõderoyt a la louenge syenne

2407 3213 1867 160 Que reste plus ceulx en ma chãbre ẽtrerẽt

2386 3341 1813 134 Et ma ꝑsõne tropt endormye oultrerẽt

2391 3448 1466 144 Cella seule en qui me deu fier

2316 3560 1808 150 Monstra la uoye pour mõ corps deffier

2380 3678 1402 134 Exhortateur de sy cruel exces

2386 3785 1476 134 Fut eolyde quon appelle ulyces

2391 3887 1733 149 Opuyssãs die̽ sy de bouche piteuse

2369 4010 1964 122 Ie quier uengeance de ma mort trop hõteuse

2375 4122 1755 133 Ie uous supplye q̃ de toꝰ tieulx regrecz

2386 4223 2032 161 De maulx sẽblables uoꝰ pugnissies les grecz

2380 4352 1830 128 Maiz toy amy dy moy qui or te mayne

2386 4469 1637 129 Encore uif en ce piteux demayne

2380 4582 1289 123 As tu este en mer ꝑcipite

2396 4683 1621 145 Qui ꝑ erreur ta iusques cygette

2396 4790 1685 144 Ou si tu uiens par uolunte diuine

2396 4897 1728 187 Qui te conduyt ⁊ sabas tachemyne
