5311 6421
3115 353 1799 310 Haultes murailles longues ⁊ ordõnees

3105 626 1713 149 Qui de troys fors furent enuirõnees

3110 733 1794 160 Au tour des quelles sõ circuyt faysoit

3094 850 1745 155 Le grand fleuue flegeton quon disoit

3110 963 1858 149 Tout plain de flãmes rapides ⁊ legieres

3115 1075 1746 155 Et ꝑ ses undes en diuerses manieres

3115 1182 1746 161 Exagytoit roches et pierres dures

3121 1294 1900 166 Grãs bruys faysãs ⁊ playnes de laydures

3099 1412 1671 155 La grãde porte de cest herbermant

3099 1519 1681 166 Fut de colũpnes solides daymant

3121 1642 1761 145 Si fiere et forte q̃ tout pouer humain

3121 1749 1611 155 De la briser auoyt feble la main

3099 1856 1772 161 Les celicoles mesmes ryen ny feroyẽt

3105 1979 1799 145 ꝑ fer ou glayue rõpre ne lasca royẽt

3099 2092 1864 139 Au pres de la pour seurte ne fait faulte

3046 2193 1927 159 Une tour grosse de fer iusq̃z au ciel hau

3083 2306 1580 155 Iouxte la q̃lle se siet thesyphone

3115 2429 1665 140 Paincte et paree coe il est ordõne

3126 2525 1906 155 Dung grand mãteau toͭ sẽglãt ⁊ cruẽte

3126 2648 1563 145 Celle garde ꝑ curieuse entende

3115 2766 1896 139 Le uestibule sans dormir nuys ne iours

3057 2862 1863 155 Ia ne respouse ains y ueille tousiours

3126 2975 1703 155 De ce lieu la peult lon par reuerberes

3115 3075 1874 172 Ouyr grãs pleurs sons de crue̽ uerberes

3126 3328 1713 133 Entre ꝑsonnes duremãt martyrees

3105 3429 1402 145 Lors eneas se tint et sarresta

3110 3542 1756 144 Et tout trouble se tumulte escouta

3115 3649 1864 150 Sy dist o uierge ma guyde ⁊ mõadresse

3089 3766 1691 134 Dy sy te plaist de ses peches lespece

3110 3879 1810 128 Et de quel payne sõt pugnys ⁊ cõtrais

3110 3986 1853 150 Ceulx qui furẽt en tieulx uices attaĩs

3110 4098 1708 150 Et dou langueͬ sy piteuse procede

3094 4211 1831 149 Qui tout mon sens ⁊ mõ ouye exede

3105 4323 1659 155 La prophete soubz parolle petite

3137 4425 1788 160 Luy feist response disant o duc inclite

3137 4548 1520 139 Nul hõme chaste de uye moderee

3137 4655 1488 139 Ne peult passer la porte sceleree

3137 4762 1783 155 Mays heccate me moustra aultre foys

3137 4879 1702 188 En me menãt par les auernes boys

1226 390 1734 284 Las quel fortune te presse ⁊ te fatigue

1231 642 1670 139 Qui ton desir eguillonne ⁊ instigue

1204 759 1676 129 Uoyr les maysons tristes ⁊ sãs soleil

1209 856 1671 149 Les lieux turbides de piteux aparail

1236 979 1746 133 En tieulx parolles celle foys ꝓpousees

1209 1091 1580 128 Aurora feist au ses reues rusees

1226 1203 1627 134 Naistre le iour et tant sa rẽnelaxe

1220 1310 1671 150 Que iaauoyt la moytye de son axe

1188 1428 1569 139 Pouse et mys en letheree cours

1193 1541 1880 139 Ia ne pancoyt enee aux termes cours

1209 1642 1783 145 Et au brief temps de la syẽne entreprise

1220 1765 1740 123 Ains peult estre qua sy longue deuise

1236 1867 1794 144 Eussent passe maĩte heure agrãt req̃ste

1220 1985 1804 133 Maiz sa cõpaigne doulcemet lamõneste

1226 2097 1707 139 Et abriefz motz luydist allors sybille

1252 2220 1553 123 Oneas la nuyt courte et mobile

1236 2316 1692 140 Fuyt et sen ua noꝰ les heures passons

1242 2429 1831 144 En lermes uaynes ⁊ trop sĩples facons

1247 2546 1654 140 Cyest le lieu affin quete pouruoyes

1252 2654 1665 149 Qui se diuise et de part en de̽ uoyes

1215 2771 1868 139 La destre mayne aux murs fors ⁊ puissãs

1247 2878 1708 145 Du roy ditis ⁊ conduyt les passans

1215 2991 1681 144 Par celle sente bñ prinse ⁊ adiusee

1204 3092 1745 161 Nõ ꝑuiẽdrons au beau champ eslisee

1161 3215 1917 145 La part senestre toꝰ les uiateurs mayne

3110 3205 1729 149 Strideur dedans chaynes de fer tyrees

1242 3328 1847 139 Ou les mauluays excercẽt leͬ grãt payne

1204 3445 1601 140 La ou tartare felon ⁊ impiteux

1183 3531 1868 171 Punyst les ames des dãpnez despite̽

1209 3654 1762 150 Lors deiphebe uoyant que la demeure

1236 3766 1810 145 Desplaist a elle luy ua dire a celle heure

1188 3879 1890 150 Noble prestresse ne prans yreamõ ũbre

1172 3997 1890 144 Iayme trop myeulx diminuer le nõbre

1220 4109 1799 144 Et retourner en mes tenebreux lieux

1215 4227 1847 139 Iusques a ce q̃ ꝑ temps iauray myeux

1252 4334 1633 139 Or ua lhõneͬ ua la gloire de troye

1193 4446 1896 145 Heureux fatal le puyssãt dieu tottroye

1236 4564 1853 139 Ce dist sans plus ⁊ en mot final

1204 4665 1885 150 Son pas destourne au poͬpris auernal

1204 4772 1885 150 Lors eneas cõmãssant a marcher

1140 4879 1949 188 Ueist tout soudain sur senestre rochier
