5307 6416
460 390 1867 240 Toultes les paynes q̃ les haulx die̽  ordõnẽt

470 630 1712 129 Cõtre ceulx la qui aux uices sadonnẽt

460 737 1679 134 Tout mẽseigna ⁊ ꝑ tout me cõduyt

454 839 1685 150 Sy te feray du tout saige ⁊ instruyt

465 957 1712 144 En son roaulme tyẽt sõ siege ⁊ regẽte

465 1074 1717 129 Cil aspre iuge quõ nõme rhadamãte

460 1176 1786 139 Frauldes ⁊ doles oyt chastye ⁊ estrainct

460 1283 1749 144 De confesser uerite ceulx contrainct

465 1390 1765 144 Qͬ quãt uiuoyẽt lassus mny le mõde

427 1507 1707 134 Menoyent uye dissolue et immũde

449 1614 1840 145 Et maulx faysoyẽt couuers ⁊ symules

449 1726 1626 150 Lesqueulx ilont tayses ⁊ receles

465 1855 1541 139 Perseuerans en celle uye actiue

465 1956 1797 155 Furtiuement iusques a mort tardiue

374 2063 1562 150 Tssiphone ultrixe et uengeresse

476 2176 1717 144 De leurs delitz les tormente ⁊ ne cesse

465 2288 1797 144 Fraper sur eux dun flagel dõt est seincte

465 2411 1776 139 Sa main senestre est garnye ⁊ ẽpraĩcte

465 2518 1712 139 De serpens torues ⁊ asigrãs labeurs

470 2635 1605 118 Elle couye ses tant cruelles seurs

454 2742 1915 145 Dysant tyeulx motz les execrables portes

465 2865 1680 123 De ce manoyr pondereuses ⁊ fortes

438 2972 1669 139 Auec strideur horrisone ⁊ terrible

417 3074 1765 160 Furet ouuertes par le diuin possible

449 3181 1739 155 Lors dist sybille uoy tu quelle custode

444 3314 1567 123 Au uestibule se siet en fiere mode

470 3411 1685 139 Et quelle face le fort lymyne garde

470 3523 1568 128 Or y aduise et a loeil y regarde

470 3635 1653 145 Car au dedãs a son siege ⁊ se tyent

438 3731 1926 161 Hydre cruelle qͥ  trop mal se mẽitiẽt

470 3860 1862 144 Cinquãte gueulles elle a toutes ouu̾tez

476 3983 1647 133 Daspre ruyne ⁊ de peril couuertes

213 4084 1600 145 Lors le tartare en uysion subite

481 4197 1653 144 Tost aparoyent lequel se precipite

476 4309 1696 144 Enuers les umbres si ꝓfont ⁊ sibas

470 4421 1707 139 En plains et pleͬs en noyses ⁊ debas

465 4528 1749 150 Et est plꝰ creuse celle mortelle abysme

476 4646 1754 139 Quil na de terre iucq̃z au ciel a la cisme

454 4758 1685 144 La dedans est la premiere mesgnye

497 4881 1487 176 Cree en terre ⁊ la gent tytanye

2343 379 1685 267 Ceulx ꝑ orgueil qui furẽt fulmines

2353 593 1744 166 Et au ꝓfond du gouffre extermines

2327 700 1599 171 La uys aussi les de̽ grãs aloydes

2353 812 1718 171 De corps immẽse esleuez ⁊ tumydes

2353 906 1809 184 Qi bñ ouserent les malheure̽ humaĩs

2364 1027 1760 176 Pretendre au ciel ⁊ le rõprea leͬ maĩs

2364 1160 1519 155 Et essayr de deffaire ⁊ desmettre

2348 1261 1792 166 Le dieu puyssant iupiter de sõ sceptre

2311 1384 1551 145 Ie ueis aussi le cruel salmonee

2348 1486 1664 155 Au quel fut la meĩte payne dõnee

2348 1582 1931 177 Cil aultre foys quãt sõ regne auoit lieu

2327 1705 1701 166 Uouloyt user de puyssãce de dieu

2359 1801 1749 193 Et cuydoit faire ꝑ engyns sur la t̾re

2343 1924 1851 171 Fouldres ⁊ flãmes cõe en layr ⁊ tõnerre

2364 2032 1803 176 Il en son curre sur q̃tre grãs cheuaulx

2359 2154 1781 161 ꝑ toulte grece alloyt ꝑ pleins ⁊ uaulx

2332 2272 1739 144 Auecq̃z torches ⁊ honereux subcide

2369 2379 1584 166 Et mesmemẽt par la cyte delyde

2353 2475 1900 171 Hõneurs semblables desiroyt ⁊ uouloyt

2386 2589 1941 175 Tout ainssin certes cõe aux die̽ on souloyt

2386 2705 1958 176 Pluyes feignoyt ⁊ fouldres nõ traictables

2369 2833 1932 171 ꝑ meintz engins ⁊ cuyures maleables

2343 2935 1915 171 Mays dieu puyssant nõ sufrãt tel reꝓche

2364 3047 1819 171 Entre les nues ung dart legier descoche

2353 3175 1712 145 No mye flãmes ne torches alumees

2364 3282 1723 150 Qui sõt terrestres ⁊ a coup cõsumees

2369 3389 1595 155 Et ꝑ turbine ⁊ fouldre quil getta

2353 3507 1589 155 Lorgueil de cil sabbas precipita

2364 3614 1712 160 Bien deu aussi regarder la ꝑsonne

2386 3731 1604 156 De tycion qui fut filz ⁊ a lumpne

2386 3849 1524 139 De la terre cil fut certainement

2353 3940 1744 171 Si grãt ⁊ haultq̃ son corps seulemẽt

2375 4068 1674 155 Pouuoyt asses empescher ⁊ cõprẽdre

2359 4170 1979 166 Neuf gras ioͬnaulx tãt quilz peuẽt estãdre

2359 4288 1856 160 Sur sa poytrayne ung fier uaultoͬ auoit

2380 4405 1696 150 Qui a son bec aduque bien scauoyt

2380 4507 1840 155 Tondre ⁊ mãger lesyen immortelfoye

2380 4619 1712 155 Et des ãtrailles fecũde fait sa proye

2386 4731 1840 155 Iamaiz tel payne ne failloyt ne cessoyt

2391 4844 1776 213 Car lung finy laultre foye nayscoyt
