5310 6420
1225 342 1724 283 Aquoy yray ie faire hores mention

1284 572 1237 150 Des lapites et de cil yxion

1284 690 1793 155 Et pyrothoe qui ont doubte trop grief

1279 807 1729 150 Car une pierre tresgrãde est sur leͬ chief

1279 914 1707 145 Preste atũber ⁊ tousiours il leͬ semble

1290 1021 1707 156 Que celle pierre les doibt tuer ensẽble

1279 1134 1504 150 Aultres la sõt pares et decores

1290 1235 1712 166 De fulcres riches ⁊ de carreaulx dores

1290 1358 1632 150 Et sur gras lictz ⁊ aornees tables

1290 1465 1675 156 Ont apareilz ⁊ uiandes notables

1290 1578 1702 155 En habũdance royalle ⁊ magnifiq̃

1231 1690 1702 155 Maiz des furies ⁊ la plꝯ grãde ⁊ lubriq̃

1241 1808 1761 150 La gist au pres gardãt q̃ nul tãt cher

1268 1920 1590 134 Soyt syhardi ases tables toucher

1279 2022 1707 144 Droitte se lyeue tenãt flãbeau ardãt

1284 2134 1820 161 Et ua tyeulx motz meĩtes foys recordãt

1273 2247 1740 155 Ycy dist elle sont en paynes austeres

1295 2370 1772 144 Ceulx qͥ uiuas ont eu hayne aleͬs frẽs

1290 2487 1707 139 Qui repelle ont leurs ꝓpres parans

1295 2594 1691 145 Et deffraude seruiteurs experans

1295 2712 1798 182 Qui leurs pancees ont dutoͭ agrauees

1273 2819 1671 150 Sur les tresors ⁊ rychesses trouuees

1284 2926 1734 150 Sans faire part a leurs ꝓchaĩs affins

1257 3038 1681 145 Maiz seulemẽt ont tache a leͬs fins

1273 3156 1788 134 Certes la turbe de ceulx est lõgue ⁊ grãde

1273 3263 1596 144 Et monlt ya de suppos en la bande

1263 3375 1879 145 Ceulx ausy sõt lesqueulz pas ne ueiltayre

1300 3493 1660 139 Qui ont este occis pour adultere

1273 3605 1874 145 Et mys ceulx la qui ont armes suyuy

1284 3728 1783 129 Sãs cause iuste ⁊ guerre poursuyuy

1273 3821 1794 143 Et ce̽ sans doubte qͥ ont deceu les destres

1263 3942 1804 140 Faulce la foy a leurs seigneͬ ⁊ maistres

1231 4055 1686 144 Toꝯ ceulx enclos en prisõs separees

1252 4173 1788 149 Attendẽt paynes qui leͬs sõt preparees

1257 4290 1713 134 Ia ne tenquiers q̃lles paynes se sont

1263 4392 1814 144 Ou quel fortune les noye au plꝯ ꝑfõt

1241 4504 1836 145 Aultres reuoluẽt ⁊ sãs cesse remuent

1209 4622 1868 134 Une grand pierre ades en bas la ruẽt

1231 4724 1884 144 Puys la remõtent cest la payne quil õt

1231 4841 1841 204 Ainsy tousiours puys uiẽnẽt ⁊ puys uõt

3152 395 1735 241 Aultres pendus et ataches demeurẽt

3163 572 1847 182 Agrandes roues qui tournẽt ⁊ labeurẽt

3184 727 1376 145 A terre siet et eternellement

3126 823 1680 156 Sera assis trop malheureusement

3179 946 1638 134 Cil theseus meschant et miserable

3179 1053 1686 134 Et pres de luy a uoix trop detestable

3174 1155 1734 145 Phlegyas crye ⁊ les umbres instruyt

3174 1273 1809 144 Disant o peuple malheureux ⁊ destruyt

3163 1391 1649 128 Aprenes or sy temps aues propice

3147 1481 1772 156 Non mespriser les haults die̽ ⁊ iustice

3174 1605 1504 133 Cestuy dist il a uendu son pays

3174 1717 1729 144 Et pour argent a ses consors trahys

3158 1840 1846 134 Son puyssant p̾nce poͬ mauldite pecune

3136 1947 1686 134 A expouse aux dangiers de fortune

3174 2059 1681 145 Et cestuy cy poͬ pris ⁊ pour argent

3147 2177 1558 128 Ha donne loix ⁊ iuges ala gent

3179 2289 1638 129 Cestuy aussi a ouze entreprendre

3136 2396 1788 134 Sa propre fille au lict ꝑ force prandre

3168 2509 1670 128 Et corrumpre les lyans deffendus

3163 2599 1761 156 Qi plus ne peuẽt estre a leͬ pris rẽdus

3158 2723 1600 144 Tous en effect ont eu la hardiesse

3179 2846 1750 139 De conspirer crimes de grãde oppresse

3115 2958 1649 134 Non seulement pancee et ꝑscruter

3152 3065 1788 134 Yceulx maulx faire mays les executer

3158 3172 1745 145 Maiz q̃ profitẽt sy treslõgues harãgues

3168 3295 1767 134 Certes enee si iauoye or cent langues

3174 3391 1686 145 Autãt de bouches et q̃ la myẽne uoix

3136 3509 1670 145 Toute de fer fust faicte a ceste foys

3179 3627 1756 139 Pas ne scauroye dinumerer les formes

3136 3728 1756 150 De toꝰ les maulx q̃ ont ꝯmys les hõmes

3136 3852 1628 139 Ne declairer a la moytie formant

3136 3969 1799 129 Les noms entiers de leͬ payne ⁊ tormãt

3147 4082 1857 133 Quãt la prestresse longeue eut remõstre

3131 4189 1777 133 Toutes ses choses ⁊ tout a loeil mõstre

3109 4301 1746 139 Apres luy dist il fault que tu ꝑfaces

3152 4413 1708 134 Le tyen chemyn ⁊ temps est q̃ tu faces

3152 4526 1724 139 Presant et offre de don par toy receu

3152 4633 1387 139 La ou il est predestine et deu

3158 4740 1927 144 Auanssons nous car ie uoy les murailles

3131 4852 1847 177 Les haultes tours ⁊ fieres antiguailles
