5307 6416
497 379 1658 273 Des grans cyclopes leminant edifice

465 625 1792 139 Les portes sont dessoubz se hault fornice

481 753 1728 129 La debuons noꝰ le rameau dor pouser

492 854 1701 145 Or est il temps doncq̃z toy dispouser

486 967 1776 145 Apres tyeulx motz ensẽble chemynerẽt

492 1090 1754 134 P uoye obscure et leͬ labeur menerent

492 1195 1647 147 Le pas auancent cõe soingneux et pres

465 1315 1749 133 Sy que des portes furent tost au plꝰ pres

492 1416 1615 150 Et quãt la furẽt et q̃ trauail subite

492 1529 1610 139 Les eut rendus au premier introite

486 1636 1691 133 Eneas lors ains q̃ faire aultre chouse

486 1748 1867 144 Deau toute fresche son corps moule ⁊ arouse

497 1876 1691 123 Puys alentree planta le rameau dor

486 1978 1386 139 Et la layssa ce uertueux tresor

502 2090 1643 123 Ces choses faictez ⁊ baillee loffrande

470 2197 1445 144 A proserpine la deesse sigrande

406 2293 1787 166 Ilz ẽtrerẽt aux lieux beaux et iocundes

476 2427 1685 144 Champs uerdoyans amenes ⁊ fecũdes

465 2545 1648 128 Boys fortunes et sieges bien heureux

438 2646 1798 144 La pour certain layr doulx ⁊ plãtureux

486 2764 1552 117 Pare et reueist de clarte purpuree

454 2871 1744 144 Les champs ioyeux ⁊ la terre hõnouree

460 2988 1674 134 La les estoilles congnoyssent leͬ soleil

481 3111 1701 113 Qui fait son cours en ryant aparail

465 3213 1728 139 Aulcuns de ceulx qui en ce lieu hĩtent

465 3325 1669 134 En graminees palestres sexcercitent

454 3437 1707 129 Aieux cõuienẽt ⁊ sur souefue arayne

454 3538 1750 145 Luctent ensemble sãs labeͬ ⁊ sãs payne

427 3651 1809 145 Aulcuns font dances ⁊ ioyeuses chorees

433 3758 1936 150 Les aultres disent chanssons monlt decorees

449 3876 1541 139 La pas ne fault le prestre threycye

460 3988 1728 150 Au longue robe de grand honneͬ fulcye

460 4106 1572 139 Dit orpheus qui au sa harpe ⁊ lyre

454 4221 1685 136 Differãment scayt meĩtes choses dire

438 4317 1669 152 Il par nõbres p rygmes ⁊ par uers

454 4448 1739 128 Chante ses uerbes ⁊ carmynes diuers

449 4546 1878 148 Sonnant des doys maĩne se sage maistre

465 4672 1685 140 Ses cordes cleres ⁊ sonnãt de sõ plectre

454 4779 1354 134 La fut certes lanciẽne nature

470 4892 1498 171 Ou roy tencer et belle geniture

2386 433 1701 229 Gens heroigues qui iadis furent nez

2380 641 1787 150 Es ans meilleurs ⁊ iours bñ fortunez

2396 764 1391 134 Cest assauoir ilus assaracus

2364 871 1487 139 Le conditeur de troye dardanus

2391 983 1696 139 Ceulx delectoyent a regarder ⁊ uoyr

2375 1086 1787 143 Leurs armes nobles ⁊curres poͬ toͬ uoyr

2375 1204 1787 143 Leurs lãces furẽt toutes droittes plãtees

2359 1315 1557 139 Sur la terre et souuant frequẽtees

2396 1427 1536 123 Et leurs cheuaulx delies et espars

2375 1529 1787 155 ꝑmy les champs paissent en meĩtes pars

2353 1646 1718 139 Brief celle grace ⁊ desir quil auoyent

2396 1759 1803 133 Au fait des armes quãt sur terre uiuoyẽt

2380 1882 1701 117 Et de traicter leurs curres ⁊ cheuaulx

2380 1978 1787 144 Ce mesme soing ⁊ semblables trauaulx

2359 2101 1701 133 Auoyent ilz la bas en laultre monde

2343 2213 1904 139 Uertu paraille qui en leurs cueurs habũde

2380 2315 1744 139 Daultre couste ueist a destre ⁊ senestre

2369 2432 1825 139 Plussieurs notables discũber ⁊ repaistre

2359 2545 1647 139 Sur riant herbe entre odorans loriers

2375 2646 1856 150 Qͥ leur rendoyent doulx ũbre en toꝰ caͬtiers

2380 2780 1846 133 Et la au pres faysoyt sõ cours indampne

2359 2892 1733 123 Mays gracieulx le beau fleuue eridane

2343 2999 1680 139 La fut la turbe certes de tous ceulx

2369 3106 1971 150 Qͥ ont eu playes souffrẽt maulx ãgouesse̽

2375 3224 1535 139 Et endure meĩte mortelle offense

2391 3347 1637 122 Pour instaurer a leur pays deffence

2380 3448 1669 139 Et qui aussy pour la chose publique

2375 3560 1696 129 Ont expouse corps cheuãce ⁊ pratique

2348 3667 1669 139 Auecq̃z ceulx furent semblablement

2391 3746 1760 173 Les chastes prestres lesqueulz pudiq̃mẽt

2386 3897 1663 129 Ont excerse en uiuant leurs offices

2364 4004 1594 139 Non cõmettans illecebres et uices

2364 4111 1771 144 Aussy ilz furẽt les bons ⁊ sainctz ꝓphetes

2369 4239 1670 134 Qui dignes choses ont ꝑle ⁊ ꝑfaictez

2369 4352 1680 112 Et ceulx qui ont leurs uies aornees

2380 4453 1707 134 Par grãs sciẽces ⁊ par artz ordõnees

2359 4566 1658 139 Sy cõe feirent philosophes docteurs

2375 4678 1760 128 Par leurs doctrines louables inuẽteurs

2364 4769 1937 160 Aussy ceulx la qͥ pour leurs oeuures dignes

2364 4892 1883 235 Sont demeures apres leur mort insignes
