5310 6420
3126 369 1686 294 Et quãt ainssy faysoyent leur allee

3104 625 1563 145 Aleure estoyt en uerdoyant ualee

3115 727 1686 155 Le duc anchise auec les ames belles

3126 850 1761 150 Qui tost debuoyet es ioyes suꝑnelles

3131 968 1547 139 Estre esleuees ainsy sentretenoyt

3126 1075 1605 144 Et doulcement sy les ẽuironnoyt

3136 1182 1670 150 En recolant leur nõbre splendifere

3136 1300 1901 144 Qͬ mõlt aux aultres dessus trouues differe

3131 1412 1740 139 Et lors cõtoyt de ses hoyers ⁊ nepueulx

3126 1519 1670 144 Le cas fatal la fortune ⁊ les ueulx

3126 1626 1878 155 Leurs grãs uertꝯleurs puyssãces futures

3126 1744 1782 144 Les nobles meurs et bones aduẽtures

3131 1845 1788 161 Et quãt cil ueist ꝑtendre herbe mercher

3126 1963 1616 155 Son filz enee et de luy aproucher

3099 2065 1841 155 Lors toͭ ioyeulx ⁊ plain de nouuel ayse

3109 2177 1895 160 Monlt fort lãbrasse ⁊ doulcemẽt le bayse

3109 2305 1794 145 Lermes de ioye ses ioues arrouserent

3126 2406 1787 162 Qui de son cueͬ assouuy sespuyserent

3126 2530 1391 139 Amoͬ certes filiale le touche

3109 2605 1783 187 Sy cheut allors ce propos de sa bouche

3142 2738 1725 156 O le myen filz que iayme cheremẽt

3152 2867 1697 150 Tu es uenu aumoĩs finablement

3152 2985 1622 144 Ta grand pitie atendue a ton pere

3152 3103 1606 139 Ha surmõte chemin dur ⁊ aspere

3109 3204 1467 134 Hores te puys bayser et acoler

3131 3322 1654 144 Ouyr ta uoix et moy atoy parler

3163 3434 1815 145 Tousiours ainssin en mõ cueͬ le pacoye

3163 3547 1526 139 Et mõ attẽde despoir recõpancoye

3136 3648 1724 155 Contãt les iours les saysõs ⁊ le temps

3131 3771 1531 150 Cõbien y a q̃ en ce lieu ie tatens

3115 3894 1600 118 Et ia deceu nay este par ma cure

3115 4001 1847 150 Car mõ doulx filz toͭ mõ uouloir ꝓcure

3131 4119 1825 139 Las ꝑ quieulx terres ꝑ qtes mers apꝑtes

3142 4226 1814 144 Ie considere les paynes quas souffertes

3131 4338 1831 129 En quieulx perilz ⁊ en quates dãgiers

3115 4456 1622 134 As este mys par pays estrangiers

3126 4542 1696 171 Las q̃ iay crainct q̃ le seiour lybyq̃

3136 4670 1783 139 Te fust nuysant dãgereux ⁊ inique

3163 4777 1756 139 Lors dist enee en monlt pite̽ lẽgaige

3142 4889 1777 188 Ole myen pere ta merueilleuse ymaige

1231 428 1734 224 Et de leurs hoyrs ont merite lagloyre

1215 631 1595 134 Perpetuelle souuenance memoire

1231 734 1793 143 Tous ceulx auoyent une blãce courõne

1236 856 1697 133 Dessus leur teste qͥ leur chief ẽuirõne

1231 968 1536 139 Et quãt sybille ainsy les aꝑceut

1236 1086 1831 128 En ce beau lieu monlt grand ioye receut

1236 1193 1381 139 Et a tous ꝑlemente et diuise

1241 1286 1735 158 Et mesmemẽt a celuy quelle aduise

1220 1423 1740 128 Au meilleu deux qui museꝰ eut nom

1199 1524 1750 145 Saige scauant tout plain de bon renõ

1215 1647 1739 129 Au tour de luy tous les aultres estoyẽt

1247 1744 1643 139 Et de le suyure asses se contentoyent

1241 1861 1499 118 Grant estoyt il et esleue de corps

1225 1963 1638 155 A luy doncques sybille adressa lors

1220 2075 1793 150 Ames heureuses et toy diuin pouethe

1225 2188 1595 149 Las dictes nous sy le dire compette

1252 2311 1665 133 Quel lieu hores quelle region tyent

1236 2418 1622 150 Le duc anchise et ou il se maĩtyent

1257 2525 1719 155 Car poͬ luy seul sabbas noꝰ uenꝰ sõmes

1247 2648 1825 160 Portans labeurs ⁊ paynes a grãs sõmes

1247 2771 1493 140 Et sy auõs nauigues ⁊ passes

1231 2872 1862 145 Les grãs fleuues deherebus monlt lassez

1220 2990 1873 139 Lors se digne hõme au parolle asses briefue

1236 3103 1857 149 Luy feist respõce sãs prãdre lõgue triefue

1268 3231 1627 123 Certes dame seans nya mays hom

1263 3327 1755 145 Qui sceust dire quilayt seure maysõ

1231 3434 1895 145 Noꝰ habitons ꝑ boys tous plains dõbrages

1241 3563 1885 139 Par lieux prochains de uerdoyãs ryuaiges

1247 3675 1531 139 Mays sy aues le desir ⁊ uouloyr

1241 3787 1708 139 Tel et sy grand que faictez aparoyr

1241 3900 1745 133 Montes toꝰ de̽ au moy ceste mõtaygne

1220 4007 1815 149 Lors danchises uoꝰ dourray uraye ẽseigne

1252 4124 1697 134 Cela leur dist puys deuãt chemyna

1231 4231 1878 134 Iusquez a la poĩte du hault mõlt les mena

1236 4338 1702 150 Et quãt la furẽt il leͬ mõstra la pleyne

1241 4456 1751 139 Du bas pays de grand uerdure playne

1247 4558 1654 150 Et les beaux champs delicie̽  et uers

1241 4686 1756 129 Nõ retardes par froydureux hyuers

1231 4788 1873 139 Puis le mõlt layssẽt ⁊ droyt au ual descẽdẽt

1236 4905 1745 172 Pour ꝑuenir au lieu ou ilz pretẽdent
