5307 6416
465 427 1658 241 Qui a mes yeux cest souuãt aparue

444 652 1637 155 A este cause ycy de ma uenue

454 775 1718 133 Tous mes nauires ⁊ mes gẽs hores sõt

460 887 1658 139 En mer tyrrẽne a port large ⁊ ꝓfont

454 994 1857 144 Faiz moy la grace sil te plaist q̃ taꝓche

454 1101 1659 155 Et q̃ ma main dedãs la tyẽne touche

444 1219 1685 139 Laysse ioindre ie te pry hũblement

433 1336 1888 134 Mon corps au tyen par doulx ãbrassemet

454 1438 1461 144 En ce disãt il arrousoyt sa face

454 1529 1659 165 De large pleͬ q̃ ioye luy pourchasse

465 1662 1594 139 Et ꝑ troys foys se uoulut efforcer

465 1775 1712 144 Getter ses bras et son corps embrasser

438 1898 1873 128 Mays par troys foys lymaige aĩsi gprise

438 1988 1701 161 Fuyt ⁊ seloĩgne sãs pouer destre prise

422 2101 1643 160 Ainssin q̃ uẽt qui legieremẽt uente

449 2218 1755 150 Ou q̃ fantasme q meint songe presẽte

444 2331 1631 144 En tieulx deuises eneas incertain

422 2427 1835 155 Uoyt ⁊ regarde en uꝰ ual monlt loĩtain

444 2539 1818 150 Ung boys toͭ clos et iardrins delectables

449 2657 1781 150 Pres de fontaynes ⁊ ryues cõuenables

449 2769 1567 144 Et la au pres ueit le fleuue lethee

444 2876 1674 144 Dont est esparsse nourie et alaytee

433 2994 1840 144 La doulce terre playne doyseax ⁊ champs

444 3106 1738 150 Que lon appelle les elysees champs

444 3218 1690 145 Ou les demeures ⁊ mãciõs sõt telles

433 3330 1867 139 Que toutes ioyes y semblẽt immortelles

433 3432 1765 160 Au toͬ du fleuue gẽs sãs nõbre uolloyẽt

444 3555 1733 134 Et diuers peuples atroupe y alloyẽt

444 3667 1786 145 Tout ainsy certes quaubel este serain

427 3769 1734 155 Lors q̃ le temps est doulx ⁊ p̾merain

444 3887 1722 144 On uoyt uoller le long dune prarie

427 3988 1680 150 Mouches a myel en grãde cõfrarie

444 4100 1749 150 Qui sus herbettes ⁊ sur diu̾ses fleurs

444 4218 1749 139 Quierẽt la cause ⁊ fin de leurs labeure

363 4320 1873 144 Sur lis tresblans ⁊ sur roses u̾meilles

422 4432 1766 155 Font leͬs seiours ses subtilles abeilles

438 4544 1760 142 Tãt q̃ le lieu ꝑ leur bruãt murmure

422 4656 1733 150 Fremist ⁊ sõne desoubz celle u̾dure

438 4763 1520 155 Doulte eut enee de telle uision

449 4876 1712 203 Car pas ne sceut du fait loccasion

2279 491 1711 198 Sy sen enquiert et du fleuue demãde

2273 657 1808 150 Uoyre et des gens en turbe si tresgrãde

2241 780 1867 134 Qui la cõuienent aux ryues ⁊ au port

2321 892 1728 145 Lors anchises en feist certain raport

2332 1010 1696 53 sy i

2337 1010 1691 139 Et sy luy dist les umbres ⁊ les ames

2343 1117 1792 150 Qͬpas ne sont de leͬ second corps dames

2348 1245 1664 123 Et qͥ attendẽt aultres corps a auoyr

2284 1352 1781 139 Ycy uiẽnẽt estancher pour tout uoyr

2337 1459 1910 134 Leur soyef lointaine au fleuue doubliãce

2348 1577 1648 123 Dedans lethes es eaus dasseurance

2284 1673 1872 144 Sy te ueul doncques ses choses expouser

2327 1785 1920 150 Les noms des myens nõmer ⁊ dispouser

2284 1903 1862 134 Affin au mains q̃ de nouuelles ioyes

2321 2015 1514 134 Ytalye trouuee pourueu soyes

2353 2117 1723 144 Odist enee mon pere est il creable

2337 2224 1873 144 Que aulcues ames de ce ual delectable

2337 2341 1760 150 Uoysent lassus ⁊ tournẽt de rechief

2327 2448 2017 155 En nouueaulx corps poͬ porter telmeschief

2327 2577 1589 133 Dou leͬ procede tel desir ou enuie

2337 2689 1659 134 De retourner a souffroyteuse uye

2359 2807 1674 122 Tout te diray sans guere te tenir

2305 2908 1760 139 Suspens en doulte or ueille retenir

2343 3026 1808 139 Premieremet il fault pancer ⁊ croyre

2359 3138 1771 134 Que lesprit diuin toͭ plain de gloyre

2348 3250 1824 129 Nourist soubstiẽt uegete mẽne ⁊ guyde

2284 3352 1942 139 Soubz son pouer ciel terre ⁊ mer liguide

2359 3459 1701 144 Et mays le globe de la lune luysãt

2343 3571 1706 144 Et les astres qͥ sõt au ciel duysant

2321 3694 1637 134 Sy q̃ pour uray cil esprit celeste

2353 3796 1798 144 Qui est infuz aux mẽbres ⁊ en reste

2353 3924 1739 128 Des elemas agyte et fait mouuoyr

2359 4026 1899 133 Celle grand meule coe chin peult uoyr

2359 4143 1760 128 Et senuelope par cõuenat mesure

2359 4250 1738 128 En ce grãd corps soubz diu̾se nature

2348 4357 1744 134 Et pource est il q̃ toute espece ⁊ sorte

2359 4469 1792 139 De hõmes ⁊ bestes q̃ terre tyet ou porte

2359 4576 1824 139 Tous les oyseaulx ⁊ de layr uolatiles

2353 4689 1771 144 Tous les poyssons ⁊ bellues subtiles

2337 4806 1686 134 Mõstres uiuãs en marine ligueur

2343 4913 1791 187 Ont une iointe chalureuse uygueͬ
