5310 6420
1252 454 1745 236 Mays les ames playnes de cõgnoyssãce

1252 663 1745 139 Raysõnable du ciel ont leur nayssãce

1199 781 1873 133 Mays les corps fresles ou elles sõt ẽgardẽt

1268 893 1686 128 Celle notice et leurs uertus regardẽt

1273 1005 1788 129 Et mays leurs mẽbres mortelz ⁊ t̾riens

1273 1118 1778 139 Empeschent certes q̃lles ne uoyẽt riẽs

1279 1241 1713 123 Pour ceste cause ades ont peͬ ⁊ craĩte

1279 1358 1702 123 En leur courage enserree ⁊ eprainte

1252 1460 1681 128 Ades desirẽt or ont deul or ont ioye

1279 1567 1611 128 Coe fortune du mõde leur ẽuoye

1279 1674 1772 139 Dedans tenebres sõt fermees ⁊ clouses

1268 1792 1863 139 En prison noyre ⁊ tropobscure ẽclouses

1182 1909 1703 145 Sy q̃ po uray uertu ne pouer nont

1273 2016 1719 129 De uoyr le lieu dont las uenues sont

1252 2118 1734 155 Et quãt la uye mortelle leͬs corps laysse

1252 2241 1788 139 Tout mal pourtat aux chetiues ne cesse

1263 2354 1675 144 Et les pestes et uices ne demeurent

1236 2455 1745 150 Auec les corps iacoyt q̃ poͬtãt meurẽt

1257 2568 1858 144 Ains est besoing que les faultes passees

1225 2680 1836 150 Ioinctes aux ames soyent lors agẽcees

1268 2798 1863 144 Et pource doncq̃z ꝑ paines merueilleuses

1257 2910 1804 139 Sont tormẽtees ses ames malheureuses

1268 3028 1611 133 Et la portẽt le suplice et ie faitz

1268 3135 1858 144 Des maulx ⁊ crimes q̃ ꝑ auãt ont faitz

1252 3242 1611 155 Les unes sont de repos suspendues

1279 3359 1739 139 Et a la ueue cõmune au uent pẽdues

1236 3472 1740 139 Les aulcunes en fleuues et ryuieres

1247 3573 1879 150 Lauẽt leurs uices ⁊ leurs faultes p̾miere

1263 3702 1627 133 Et les aultres selon cas meritoyre

1263 3803 1820 145 P feutresapre syfõt leur purgatoyre

1257 3916 1826 139 Brief noꝰ souffrons chacũ en sõ endroyt

1268 4023 1793 155 Selon nos faultes cest la raysõ ⁊ droyt

1273 4135 1810 155 Et ꝑ apres quãt loeuure est dispousee

1279 4247 1772 150 Enuoyes sõmes au beau champs elisee

1295 4376 1525 128 Et la les lieux de ioye possedons

1279 4477 1777 145 En petit nõbre ou tousiours actẽdons

1220 4584 1820 145 Iusques atãt que la longue iournee

1263 4697 1622 150 Soyt eschue permyse ⁊ ordonnee

1257 4798 1794 156 A pres le cercle du long temps reuolu

1268 4916 1611 203 Quetout peche est purge et tollu

3158 433 1632 246 Et quã lame nest chose demeuree

3131 647 1590 166 Fors toute pure et le sens etheree

3158 754 1750 171 Ung feu diuin daure simple en effait

3163 872 1692 160 Qui rend louãge a sõ ouurier ꝑfait

3152 995 1686 149 Toutes ses ames ꝑ esmeute soudayne

3163 1102 1745 149 Dieu les euoque ⁊ au fleuue les meyne

3142 1214 1632 155 Nõmelethee apres que ꝑ mille ans

3163 1332 1531 144 Ont circuyt et reuolue le temps

3163 1423 1750 165 Pour que du fait preterit oublieuses

3147 1535 1820 160 Uoyssent lassus aux ioyes plãtureuses

3142 1658 1659 150 Et de rechief aprengnẽt a uouloyr

3174 1754 1830 177 Prãdre leurs corps sãs iamaiz plꝯ douloyr

3158 1888 1638 134 Quat anchises eut acheue son dire

3158 1984 1536 166 Incõtinãt sybille et son filz tyre

3158 2107 1777 150 Plus en auãt ⁊ les meĩne au meillieu

3147 2220 1440 155 De la turbe qui estoyt en ce lieu

3120 2332 1847 155 Sur ung tumule ⁊ place mõtaigneuse

3158 2450 1675 123 Allors monta qui fut auãtageuse

3163 2551 1766 145 Affin q̃ myeulx ꝑ long ordre sceust uoyr

3115 2658 1788 156 Les cleres faces et mays les nõs scauoir

3163 2771 1606 150 Deceux qͥ la ensemble cõuenoyent

3158 2872 1707 161 Et qui les champs elysees tenoyent

3158 2990 1788 155 Puys print adire or entens ⁊ escoute

3158 3108 1664 150 Conter te ueil ofilz la gloyre toute

3158 3215 1782 139 Qui la lignee dardanye doibt suyure

3158 3327 1862 150 Dont par louaige pourra durer ⁊ uiure

3142 3440 1836 149 Et queulx nepueux par uolũte fatale

3184 3552 1515 144 Auront yssue de celle gent ytale

3136 3654 1751 160 Ames illustres qui sõt a nostre nom

3115 3771 1665 150 Acoup futures ꝑ durable renom

3163 3889 1675 144 Tout te diray et les tyẽnes fortunes

3163 4007 1659 133 Particulieres priuees ou cõmunes

3163 4108 1670 155 Uoy tu dist il premier ce ienne filz

3163 4221 1649 155 Qui dune lãce sãs fer tyent prefix

3163 4322 1831 161 Cil pour certain tyent la place p̾miere

3168 4445 1676 150 Pour puenir selon sort a lumiere

3163 4552 1611 150 Celuy premier cõe tost paroystra

3163 4654 1831 166 Conioing au sang dytalie naistra

3163 4772 1526 144 Dit siluius ta postume lignee

3142 4873 1798 182 Lequel ta fãme lauyne embesoingnee

3607 5654 680 198 Atoy longeue
