5307 6416
513 411 1616 235 Et luy enseigne par raysons euidentes

518 641 1696 139 Les meurs des gens quõ appelle laurẽtes

518 753 1418 129 Du roy latin la uille et le pays

534 860 1691 145 Cõmãt aussy pourront estre ẽuahys

534 989 1525 123 Et tolleres ses labeurs et sa payne

508 1085 1706 139 Tout luy recite ⁊ le tout luy demayne

524 1203 1712 128 Deux portez sont en sompnes ⁊ en songes

460 1299 1626 149 S ilest licite le dire sãs massonges

518 1411 1798 139 Lune est de corne ꝑ laq̃lle agrãs nõbres

529 1534 1643 123 Ont leur yssue facile urayes umbres

524 1646 1744 123 Laultre pour uray est faicte ⁊ cõpousee

518 1748 1568 134 Dos de lephant ⁊ dy uoyre appousee

524 1865 1653 134 Et ꝑ ycelle au mains sy ie ne faulx

502 1972 1782 139 Ames ẽuoyẽt meintz sõges feĩtz ⁊ faulx

518 2079 1616 139 Quãt anchises dõcques a uoix facile

513 2192 1386 133 Eut informe eneas et sybille

486 2299 1691 139 Sy les cõduyt par uoye taciturne

518 2406 1809 144 Puys les meist hors ꝑlagrãt porte ebur

508 2518 1776 144 Lors il a coup sõ chemyn trãche ⁊ qͥert ne

486 2635 1616 134 Ses nefzdesire ⁊ ses cõsors requiert

486 2742 1841 145 Dõt tout droyt uint au beau port de cayette

513 2860 1675 128 Dedãs la mer lancre cõsigne et gette

497 2967 1776 139 Ainsy se tyennẽt les nefz desoubz ce port

508 3079 1776 171 Qui lors des uens ont gracieux support
