3500 4450
1313 563 1700 200 dist q̃lle chose uoulez ouyr p̾mieremẽt . Sa

1299 734 1696 115 pience dist ie desire a sauoir de quel lignage

1299 834 1711 119 lenfant est et de quel pere et de q̃lle mere . Lors

1291 927 1667 126 Ietta u̾ ite ung souspir merueilleux et dist .

1321 1030 1685 115 O generatiõem eius quis enarrabit . Et dist

1306 1123 1637 119 elle qui pourra son lignage et sa gn̾ation

1313 1212 1708 141 raconter . Se noꝰ ꝑlons du lignage de par la

1310 1323 1677 126 m̾e il est estrait du plus noble lignage qui

1310 1420 1785 130 soit en t̾re du lignage au roy dauid ⁊ salmõ

1310 1520 1707 126 et des prĩarches et des ꝓphetes . Lors dist sa

1306 1620 1718 115 pience . Or merueille mesmerue le cõe ẽfãt

1313 1705 1711 130 de si hault lignage est mis en si bas lieu cõe

1310 1813 1670 119 en une estable . Et si affiert une demãde . Se

1310 1913 1640 130 a sa m̾e qui est de si hault ꝑage il meschei

1317 2006 1696 148 oncq̃z ꝑ quoy son enfant est si bassemẽt cou

1313 2098 1700 141 chies . Lors getta u̾ite ung aultre souspir et

1313 2195 1752 144 dist . O oncques si biens a pucelle nauint . Car

1317 2302 1678 126 elle le cõceupt sans compai  e dõme en telle

1313 2391 1737 138 maniere cõme langre luy  onsa et la pucelle

1313 2492 1723 148 ꝑ la u̾tu du saint esꝑit le cõceupt et porta et

1321 2599 1752 126 uierge lenfanta . Apres quil fut neez les ãgres

1325 2699 1733 115 lanõcerent les estoilles le mõstrerẽt et les trois

1325 2777 1796 156 roys laourerẽt . Sapiẽ respont dieu q̃l merueille

1325 2892 1803 137 quãt tel enfant gist en tel lieu . Uerite respont

1325 2992 1659 137 poͬ ce et pour les aultres choses est il appelles

1325 3074 1751 163 lesmerueilleux . Sapiẽ  dist de la m̾e maues uoꝰ

1328 3185 1741 145 dit m̾ueilles mais du ꝑre uouldroy ie uolẽtiers

1351 3289 1696 170 oyr car merueille en aues ia touchie . Uerite
