3500 4450
1250 556 1763 200 il est tout ẽsemble si povres et si riches si sĩple

1250 708 1752 152 et si sage · si obscur et si bel · si fiebles et si fort

1232 812 1744 137 si petit et si hault · et si grant et si bas · Sapiẽ

1232 912 1755 137 dist biẽ fut nee la m͛e qui tel ẽfant porta · Ve

1217 1012 1726 145 rite respond plus ya · Car en bñ fut nez qui sa

1224 1101 1760 152 ꝑolle croira et gardera · Sapiẽ demande · de quel

1224 1208 1726 138 u͛ tu apperra cest ẽfant quãt il venra en aage ·

1232 1316 1714 133 Verite est en son corps apperra adoncq̃z · Apres

1213 1412 1756 141 u͛ra on de q̃l vertu ses petis pies sont que vous

1243 1516 1685 137 veez · Car la mer tormẽtee quãt il voudra les

1232 1609 1752 133 port͛ a a sec · Math · xxiiii · Si apperra aussi de quel

1228 1705 1696 130 doulceur sont plains · Car par eulx baisier en bõe

1235 1794 1671 152 foy ꝑ devotion aurõt les pecheurs ꝑdon de toꝰ

1243 1898 1618 141 leur pechies aussi cõme ot la magdalaine ·

1239 1991 1707 148 Luce · vii · Sapiẽ dist voulentiers et desiranmẽt

1247 2095 1770 141 les doit on embrasser et baisier puis quil sont de

1247 2195 1696 133 tel dignite et de tel doulceͬ Mais poͬ dieu or

1235 2280 1815 160 ꝑlons dez mains qui sont si fiebles maĩtenãt

1250 2388 1819 148 cõme lez maĩs dũ aultre ẽfant cõe sera mõstree

1228 2492 1789 137 leur u͛tu · Verite respond · Elles sont et serõt

1250 2584 1797 141 de tel u͛tu et si medicinables car poͬ atouchier

1250 2684 1748 134 tãt seulemẽt les mors resusciterõt · les malades

1247 2781 1800 144 garirõt · si nettes sont et seront q̃ ꝑ atouchier sãs

1250 2892 1748 130 plus les mesiaulx netieront · si larges sont et

1261 2985 1782 141 si plantereuses q̃ par touchier et ꝑ baisier les

1258 3081 1752 145 pains mõtepliront · Sapiẽ dist nulz nest di

1250 3166 1838 164 gnes de baisier telles mains et telz pies ce mest

1273 3274 1755 185 aduis · Verite dist · aucũs ne les baiseront pas
