3500 4450
501 574 1803 189 dist dont a loffrande pour lamoͬ quil a a dieu

493 737 1752 130 et a ceulx quil a eslis de lumain lignage · Ve

501 838 1744 141 rite dist par amours souffrera il · Sapĩe dist Je

508 927 1678 126 voy bien que cest enfãt fait sur toꝰ les ault'z

493 1012 1719 152 a amerveilles a amer · De bon heure fu neez qͥ

486 1123 1752 123 en son ceͬ le pourroit mettre tout ẽtier · Verite

486 1216 1711 148 dist par telles penseez le met on en son ceͬ et

489 1320 1678 141 mẽnist on espirituellemẽt · Augustinus ·

486 1427 1744 126 Crede et manducasti · Sapĩe dist m͛ueilleux

482 1520 1741 126 amoureux entres Dedens mõ ceur · et sy y de

460 1620 1763 122 mourez tousjours · Amen · ¶De lardãt amoͬ

642 1709 1636 141 mour est espice delicieuse · loyen de ceur · ẽbra

423 1798 1755 134 semẽt de penseez · tenreur daffliction · subtilitez

475 1902 1729 126 dẽtendem̃ t · embellissant les meurs · despͥsant

463 1998 1771 141 le monde · fuians vanitez · souffrans mesaises ·

449 2098 1748 123 Aidans ses ꝓismes · m͛e de u͛tus · boutilliere de

460 2195 1778 130 cõfort · Dignite de merite · siege et repos de tou

467 2291 1726 145 te la tͥnite · Lame qͥ ayme dieu ẽ biẽ es euree

467 2399 1663 118 Car le royaulme de ꝑadis est son heritage ·

423 2492 1855 122 Il est amy aux angres · cõpaignõ aux apostres ·

471 2588 1815 145 fr̃e aux martyrs · Les cõfesseurs luy sont soulas ·

441 2677 1752 133 et les uͥges Desduis · Hee lasse vrayment ẽ

434 2773 1755 145 lame benoiste et bñ euree qͥ a la paix de ꝑadis

449 2873 1659 130 de quoy dieu le ꝑe en est temples de seurte ·

460 2974 1718 129 Le filz resplendisseur de gloire · le saint esꝑit

449 3070 1737 141 en est amoͬ et lumiere resplẽdissãt · La ẽ  Joye

449 3178 1777 137 avec lumiere · la est oudeͬ sentie qui Ja ne sera

467 3263 1745 174 deꝑtie car elle durera sans deffaillir · Cest une

2657 330 119 244 89.

430 1739 204 66 A
