3500 4450
2560 337 171 182 90

456 585 1796 223 repentã t · Saint augustin dit q̃ · iiii · manieres

486 760 1666 115 de gens sont qui mołt desplaisẽt a dieu · le

489 852 1678 119 p͛mier est le vieul luxurieux · Le riche sans

475 949 1737 119 ausmone · Le sage sans bonne vertu · Et le iẽ

471 1042 1707 126 ne sans obedience · Quatre raisons sont poͬ

475 1142 1755 122 quoy dieu rescoit les siens de ce mõde · La p͛miere

467 1238 1986 174 si est poͬ. ce q̃ le mõde nest mye de eulx avoir · la  digne

463 1342 1671 126 seconde poͬce q̃ quãt ilz sont en bon estat il ne

471 1442 1845 167 veult mye qͥlz se muent ou ꝑ adu͛site ou ꝑ ꝓpe

430 1542 1715 119 rite · La tierce est pour acomplir leur desir

452 1639 1745 137 Car preudõme ne desire aultre chose fors que

460 1728 1711 144 estre avecq̃z dieu · Cõme il apꝑt ꝑ sͭ. pol· qui

452 1820 1689 130 disoit · Je desire q̃ mõ ame soit desseuree de

430 1928 1834 119 mõ corps · La quarte raison est pour eulx paier

456 2024 1707 126 de leur loyer · Car bien est droit et raison que

456 2121 1819 118 quãt le uiteur a deservi son loyer q̃ on luy paie ·

452 2213 1786 123 Et dieu est droiturier qui a chũn paie son loyer

449 2310 1763 118 p͛stemẽt sans delaier · Je mesmerveille fait saĩt

449 2406 1759 145 bernard cõmẽt celuy qui a esperance de son salut

393 2514 1752 115 se peult ensongnier fors q̃ de dieu seulement ·

430 2603 1700 126 Sire fait saint augustin quãt ie pense a ce q̃

419 2699 1707 134 voꝰ souffrites pour moy se toꝰ mes cheveulx

411 2803 1730 122 estoient surions et mes yeulx estoient Deux

419 2903 1819 123 fontaines ne me souffiroit il mye que ie peus

419 3003 1752 119 se asses plorer · Saint augustin dit dieu doul

437 3096 1704 130 cement senti et hũblemẽt de luy aprent on plꝰ

437 3200 1678 122 en taisant et en pẽ sant q̃ on ne fait  en ses

441 3293 1678 166 liures lisant · Dure chose est luy obligier par
