3500 4450
1276 578 1763 200 pechie aux paines denfer · Mais plus dure chose

1273 730 1803 145 est courcer la maieste de dieu · Saint Jherosme

1276 838 1704 137 dit que tout le temps q̃on ne pense a dieu on le

1276 938 1734 122 doit tenir pour temps ꝑdu · Et dit il mesmes

1287 1030 1697 141 que plus suis entre les hõmes tant me treuve

1280 1112 1774 152 je mains hõme · Saint nichaise dit de la cho

1284 1220 1778 144 se dõt il me souuiẽt le maĩs cest de ce q̃ on ma

1284 1316 1688 148 meffait · Salmon dit q̃ cest gregnieur chose

1284 1420 1755 152 de vaincre son courage q̃ prendre une forte cite ·

1287 1524 1741 133 car par pacience est cõgneue sapĩe · Saint gre

1280 1616 1774 152 goire dit q̃ la raison pour quoy nr̃e sire cõsenti

1291 1716 1726 149 q̃  il fust feru de la lance ou coste se fut pour

2486 1817 134 52 fois

1291 1813 1759 137 ce q̃  noꝰ prẽsissons son ceur toutes q̃ noꝰ vou

1284 1909 1763 138 sissons · Bon ceur doit avoir · vii · conditiõs

1284 2013 1726 152 Amer en contrition · pur en affliction · liez en

1306 2113 1744 134 tribulatiõ · piteux en compassion · Droit en en

1291 2206 1759 133 tention · Fervent en devotiõ · Esleves en cõtẽ

1310 2302 1700 141 plation · Saint bernard dit q̃ haulte grace

1306 2399 1770 141 nest point acquise se nest par la u͛tu dumi

1291 2503 1763 137 lite · Car ung petit ceur humble cõprent de

2037 2606 208 60 de dieu

1317 2595 1778 149 dens luy ꝑ la grace ce que ciel et terre ne peust

1295 2703 1499 145 comprẽdre · ¶Pluseurs auctorites ·

1313 2855 249 96 C

1573 2796 1444 137 onfesse toy sain et hetye en ce monde

1544 2896 1521 133 nulz ne y scet trouuer auãtage aussitost

1310 2992 1763 145 muert Jenne q̃ vieux · Jugemẽt sera fait sans

1291 3092 1737 149 miicorde a celuy qui nara fait misericorde ·

1306 3189 1700 148 Ne vieullez mye aultry Jugier et uoꝰ ne

1351 3293 1707 174 serez ja Jugies · ꝑdõnez et on uoꝰ  ꝑdonrra
