2412 3274
739 291 1157 96 l at͛re baise si sest leve en tant

747 379 1261 90 a la fenestre amís son chief au vent

744 466 1294 101 v oit les barons ꝯbautre flerement

747 548 1111 87 d elor escu na voíent pas tant

750 643 1320 74 d ont il poisset couvrír lor pis de vant

875 720 1078 82 l̃t fu le stour orgeillous  felon

709 761 115 142 M

851 793 1075 85 b ñ se reqͥerent li nobile baron

747 873 1048 90 l iqͣns .Roll̃. sescͥa ahaut ton

736 963 1220 103 le O tínel frere qͣr relenqͥs mahom

714 1053 1015 81 s i croí en díeu qͥ sofrí pasíon

717 1126 1195 104 b er car le faí si en recoif gͣnt don

739 1219 1059 85 C est belsisant la file a roi .kl̃.

731 1295 1211 101 m a cousíne est g͛maíne ce dit on

720 1369 1165 68 j a la te dons sens nule traison

720 1448 1132 82  moi  toí soromes ꝯpaignon

698 1525 1154 101 s i ꝯq̃rons  chautiax  dongon

709 1612 1075 93 j a pl⁹ de toí ne qͥer .i. esꝑon

728 1699 936 79 d it .O. or oí ple de bricon

744 1781 1193 90 m ale honte ait qͥ de v⁹ fist clercon

739 1860 1173 71 f aille avez a ce pͥmíer sermon

720 1942 1053 87 n e savez pas bñ lire la lecon

742 2035 1110 79 m es je suí metre si le v⁹ apẽron

739 2111 1070 96 s or te puís enꝯtrer abandon

739 2185 1206 90 g el te donraí sus ce hiaume reon

723 2252 1249 113 n e poras díre ne ou ne non

723 2365 1165 79 v íen ca car je tapel felon

731 2436 1397 112 .r oll̃. lẽ tant si taínt ꝯme charbon

867 2526 969 87 f ormant li poise qͥl so cõtralier

864 2608 1086 90 n .Roll̃. not ſachı́ez q̃ couroc͛ sachier

720 2646 112 79 E

742 2679 1470 103 T ínt durondal dont le pung fu dor mer

758 2752 988 110 f iert sus son hiaume v͛g͛

744 2848 1400 106 q ̃ flors  pieres en fet j́us trebuchíer

709 2930 1154 114 l e cop fu gͣnt le .pa. fist ploíer
