2509 3296
310.0 318.0 129.0 91.0 O

442.0 307.0 1017.0 17.0 tinel broche flori son bon destrier

479.0 384.0 1167.0 30.0 d evant les autͤs le tret a .í. archier

280.0 464.0 909.0 24.0 b ien est armez a loi de ch̃ꝛ

263.0 538.0 1355.0 38.0 s es armes furent dun bõ paile tͤs chier

258.0 623.0 1256.0 33.0 n us hons qͥ víve ne les puet espͥsier

266.0 700.0 1275.0 36.0 C ar feu ne eve ne les puet empirier

266.0 774.0 1011.0 30.0  qͥ en a la monte dun deníer

258.0 862.0 1316.0 27.0 T ant nel set on ne naffrer ne plaier

233.0 947.0 1429.0 36.0 s e en la plaie le puet de plaín couchier

255.0 1030.0 1297.0 35.0 q ̃ maíntenant ne soit saín  legier

252.0 1117.0 1201.0 25.0 l a fille .kll̃. qͥ ml̃t fait a proisier

261.0 1197.0 1261.0 30.0 l ors li bailla lenseigne au roi gaif͛

241.0 1263.0 1259.0 33.0  otes broche le bon corant destrier

252.0 1348.0 1111.0 22.0 .r oll̃. enꝯtͤ a lissir dun rochier

236.0 1417.0 926.0 27.0 d e sa ꝑole le va ꝯtralier

239.0 1510.0 1168.0 22.0 s ire .Roll̃. venez vos despeschier

230.0 1590.0 1113.0 27.0 q ͥdez vos touz ces .p̃a. esmaier

239.0 1675.0 1096.0 25.0 ꝑ cele foi q̃ je doi saínt richier

239.0 1760.0 1104.0 28.0  moi  v⁹ s íavrons arungier

200.0 1834.0 1193.0 36.0 s or destre garde sa veu olívíer

211.0 1919.0 1174.0 31.0 q ͥ sen fuíoít ꝯtreval .í. sentier

203.0 2000.0 1236.0 35.0 u ns roís .pa. le suít p᷑ mehaigníer

214.0 2087.0 1154.0 25.0 i lli avoit navre son bõ destrier

214.0 2169.0 1157.0 28.0 e n .íííí. lieus li fist le sanc raier

206.0 2246.0 1085.0 33.0 .O . broche ne se vout pl⁹ targier

200.0 2318.0 1141.0 38.0 v ers le .pa. se set bien adrecier

225.0 2400.0 1283.0 41.0 l e cheval broche des esperons dor mier

214.0 2488.0 1116.0 36.0  a brandie la hante de pomíer

164.0 2579.0 1188.0 30.0 f iert le .pa. sus lescu de quartier

208.0 2647.0 1168.0 36.0 a usi le fent ꝯme .í. raím dolivíer

214.0 2719.0 1272.0 44.0 l a bone broígne ne li vaut .i. deníer

203.0 2804.0 1245.0 41.0 n e le clavaín ní pot avoír mestier

184.0 2900.0 1451.0 38.0 s enseigne blanche li fist ou cors baagnier

1736.0 313.0 154.0 8.0 109
