2412 3274
706.0 381.0 1253.0 6.0 q uí pl⁹ tost court que ne vole arondel

703.0 469.0 1141.0 0.0 l e destͥer voit venír le damoisel

676.0 551.0 1223.0 0.0 b ien reconoíst son seignour otínel

728.0 630.0 914.0 0.0 h eníst  grate ꝯme porcel

728.0 712.0 993.0 8.0  cil monte qͥ pl⁹ set de cembel

821.0 796.0 1113.0 0.0  de batales que fevres de martel

687.0 739.0 109.0 289.0 L

824.0 875.0 990.0 11.0 í sarrasín est ou destͥer montez

834.0 960.0 1007.0 11.0 u n es laís fet p⁹ senest retornez

723.0 1053.0 1009.0 0.0 a bellisant sen tout droít alez

709.0 1137.0 1031.0 6.0 b elle dít il le ꝯgie me donez

730.0 1214.0 1130.0 8.0 v rẽ mercí mout suí bñ adoubez

709.0 1304.0 1146.0 11.0 s e truís .Roll̃. mort est  afolez

737.0 1385.0 1041.0 2.0 s ere dit il elle a la batale írez

709.0 1448.0 1230.0 14.0 m es de sespee durandal v⁹ gardez

720.0 1530.0 1091.0 8.0 s e de la vrẽ bñ ne v⁹ deffendez

717.0 1609.0 1075.0 11.0 j ames nert ꝑ vos tenue citez

709.0 1699.0 1012.0 6.0 a ces ꝑoles len a og͛ menez

703.0 1792.0 1264.0 0.0 l i bons danoís qui tant est alossez

717.0 1874.0 1176.0 8.0  li dus naímes est a vec luí alez

720.0 1945.0 1331.0 8.0 e ntre .íí. eves lont mene en uns prez

720.0 2029.0 1173.0 9.0 O u gͣnt pales senest .kl̃. montez

725.0 2117.0 1272.0 8.0 a s gͣns fenestres sest lirois acoutez

717.0 2207.0 999.0 0.0 l es .xíí. pers a o soí apelez

720.0 2278.0 1277.0 8.0 s eignours dit il a moí en entendez

720.0 2362.0 1222.0 14.0 f aites fracois isír hors de ces prez

717.0 2444.0 1048.0 0.0  il si firent p⁹ q̃ il lot ꝯmandez

720.0 2518.0 922.0 13.0 a dous se cͥee .kl̃. li coronez

731.0 2611.0 1135.0 13.0 s eignours dit il desor v⁹ ꝯbatez

723.0 2687.0 1006.0 8.0 d it .O. jen suí tous aprestez

725.0 2755.0 1201.0 11.0 p or autre chose je ne me suí ermez

693.0 2763.0 114.0 232.0 O

837.0 2829.0 1040.0 19.0 r sont an semble li ch̃r vaillant

840.0 2919.0 1203.0 11.0 d e la bataille est checuns desirant

752.0 3003.0 1114.0 19.0 l iq̃ns .ꝛoll̃. sen vaít asseurant
