2412 3274
742.0 362.0 1157.0 17.0 l at͛re baise si sest leve en tant

750.0 447.0 1260.0 16.0 a la fenestre amís son chief au vent

766.0 537.0 1274.0 16.0 v oit les barons ꝯbautre flerement

748.0 624.0 1112.0 10.0 d elor escu na voíent pas tant

751.0 711.0 1322.0 6.0 d ont il poisset couvrír lor pis de vant

709.0 761.0 112.0 188.0 M

878.0 783.0 1078.0 10.0 l̃t fu le stour orgeillous  felon

854.0 864.0 1075.0 6.0 b ñ se reqͥerent li nobile baron

750.0 938.0 1048.0 16.0 l iqͣns .Roll̃. sescͥa ahaut ton

737.0 1022.0 1222.0 14.0 le O tínel frere qͣr relenqͥs mahom

717.0 1118.0 1015.0 0.0 s i croí en díeu qͥ sofrí pasíon

720.0 1207.0 1195.0 4.0 b er car le faí si en recoif gͣnt don

742.0 1285.0 1058.0 10.0 C est belsisant la file a roi .kl̃.

733.0 1355.0 1212.0 14.0 m a cousíne est g͛maíne ce dit on

722.0 1437.0 1166.0 3.0 j a la te dons sens nule traison

723.0 1503.0 1132.0 11.0  moi  toí soromes ꝯpaignon

697.0 1604.0 1158.0 4.0 s i ꝯq̃rons  chautiax  dongon

714.0 1688.0 1073.0 2.0 j a pl⁹ de toí ne qͥer .i. esꝑon

731.0 1765.0 936.0 0.0 d it .O. or oí ple de bricon

747.0 1849.0 1192.0 14.0 m ale honte ait qͥ de v⁹ fist clercon

742.0 1925.0 1173.0 3.0 f aille avez a ce pͥmíer sermon

722.0 2020.0 1054.0 1.0 n e savez pas bñ lire la lecon

744.0 2103.0 1111.0 3.0 m es je suí metre si le v⁹ apẽron

746.0 2193.0 1065.0 5.0 s or te puís enꝯtrer abandon

739.0 2267.0 1209.0 1.0 g el te donraí sus ce hiaume reon

725.0 2340.0 1250.0 20.0 n e poras díre ne ou ne non

725.0 2430.0 1165.0 6.0 v íen ca car je tapel felon

733.0 2504.0 1397.0 14.0 .r oll̃. lẽ tant si taínt ꝯme charbon

720.0 2616.0 112.0 123.0 E

867.0 2673.0 1086.0 14.0 n .Roll̃. not ſachı́ez q̃ couroc͛ sachier

870.0 2597.0 969.0 5.0 f ormant li poise qͥl so cõtralier

744.0 2739.0 1471.0 24.0 T ínt durondal dont le pung fu dor mer

756.0 2826.0 962.0 22.0 f iert sus son hiaume v͛g͛

747.0 2908.0 1383.0 22.0 q ̃ flors  pieres en fet j́us trebuchíer

712.0 2998.0 1143.0 19.0 l e cop fu gͣnt le .pa. fist ploíer
