2412 3274
802 169 1135 106 il dit q̃ france au roi garsile apent

802 281 1154 76 n e q̃ rois .kl̃. ní doit avoír noient

810 365 1200 98 .r oll̃. lentent si taínt de mautalant

796 447 1108 109 v ͛s le .pa. broche son auferrant

815 537 996 79  florien ꝯtre luí fieremant

813 613 1009 82 .r oll̃. feri sor son escu luisant

804 701 1212 84 n e fu pas cop de garcon ne denfant

802 785 1187 109 m l̃t est cil fort qͥ le va soustenant

799 963 150 87 S

946 870 996 82 e turc feri .Roll̃. sor son escu

982 949 1118 106 d e souz la boucle lia fraint  fendu

802 1036 1143 93 d e son haub͛c a le pan desrompu

804 1124 1280 109 l es pieces volent du bon espie molu

810 1200 988 76 l ez le coste li avoit embatu

810 1282 1056 73 l e destre estrier li a du pie tolu

807 1350 1263 106 e n paínt le bien ne li vaust .i. festu

815 1424 1075 101 s a lance brise  .Roll̃. la feru

791 1503 1236 114 d e souz la boucle .i. cop ꝑ grãt v͛tu

799 1593 1067 104 l escu li ꝑce laub͛c li a rompu

807 1688 1064 112 O u cors lí met le fort espie molu

807 1762 1021 112 m ort la bati enmi le pre herbu

802 1841 1072 115 m õjoie escrie .pa. lont entendu

810 1923 966 106  dit li q̃ns fel cuv͛t mescreu

788 2018 1272 96 j ames en france nert de v⁹ plet tenu

802 2098 1132 103 d it lamiraut qͥ ml̃t dolent en fu

804 2182 983 87 ꝑ mahomet cestuí avõ ꝑdu

815 2259 914 95 C eest .Roll̃. qͥ le nos a tolu

799 2335 1108 117 s e ne le venge ne me pͥse .i. festu

750 2556 221 38 L

954 2428 838 95 i amíraus sellesse a oliv͛

949 2507 1217 114  li q̃ns broche fauvel sõ bõ destrier

799 2591 974 82 l i ſarr̃. le feri tout p͛míer

818 2665 868 101 l escu li ꝑce au fer  a lac͛

804 2747 1307 115 .C . mailles trẽche du bõ haub͛c doublier

774 2834 1045 109  du coste li fait le sanc raier
