2412 3274
663.0 406.0 1236.0 5.0 d e totes ꝑs destraíngles sarrasíns

663.0 485.0 1214.0 6.0  aumacours  tous les barbarís

676.0 570.0 1182.0 8.0 T ous meredotent ꝑ foi le v⁹ plevís

663.0 652.0 1367.0 8.0 l íroís garsile est mes g͛maíns cousíns

671.0 733.0 1200.0 14.0 m es fa oncles fu fernagu ligentís

687.0 810.0 1111.0 11.0 C elui de naudres q̃ Roll̃ ma ocís

671.0 892.0 1192.0 16.0 d emaĩ en íert .i. fíer chaple bastís

665.0 976.0 1064.0 17.0  dit li roís tu es assez gentís

671.0 1064.0 1249.0 10.0 m ar fu ton cors qͣnt nas bapteme pͥs

682.0 1151.0 766.0 11.0 d it .O. je seroíe honís

684.0 1227.0 1105.0 6.0 C ar vrẽ díeu ne valt íí parísses

646.0 1385.0 172.0 71.0 L

859.0 1317.0 1299.0 14.0 I Roı́s apelle son chambrelens u renı́er

859.0 1402.0 887.0 5.0 v enez avant p͛nez ce mesag͛

694.0 1473.0 1063.0 5.0 s i le menez a la meison ganier

695.0 1544.0 1124.0 6.0 d onnez a loste .c. ſ̃. pour son mẽg͛

755.0 1620.0 1021.0 8.0 p ⁹ apele dus naímes debaívíer

679.0 1705.0 1105.0 11.0  avec luí le bons danois og͛

897.0 1797.0 1042.0 11.0 a vos ꝯmant feitil cest messag͛

678.0 1890.0 929.0 1.0 s i le servez se il na metíer

693.0 1958.0 1350.0 20.0 C il len menerẽt sens poínt de doloíer

691.0 2054.0 1139.0 5.0 l eꝯmant font .kl̃. le droituríer

695.0 2136.0 1100.0 5.0 l í emperere sest asís au meng͛

652.0 2305.0 139.0 41.0 N

799.0 2212.0 1094.0 8.0 rẽ emperere est asís au souper

847.0 2286.0 1005.0 28.0  entor luí sidemaine  si per

706.0 2373.0 1206.0 6.0 q ͣnt ont soupe si sen vont reposer

711.0 2460.0 1340.0 11.0 j us que au matín q̃ le jour paru cler

701.0 2540.0 1058.0 10.0 .k l̃. se líeve si fet .Roll̃. mander

720.0 2624.0 1189.0 11.0  il li vínt sans poínt de demorer

723.0 2703.0 1181.0 17.0 a la chapele sont alez por aourer

737.0 2777.0 1186.0 16.0 l a messe chante labe de s̃. omer

714.0 2862.0 942.0 18.0 .i . hanap dor físt .kl̃. aport͛

735.0 2938.0 1084.0 22.0 d e parisez le físt trestot ꝯbler

700.0 3044.0 1046.0 11.0 s offrande fet  p⁹ li .xíí. per
