2412 3274
804.0 261.0 1135.0 11.0 il dit q̃ france au roi garsile apent

804.0 349.0 1155.0 5.0 n e q̃ rois .kl̃. ní doit avoír noient

813.0 428.0 1200.0 16.0 .r oll̃. lentent si taínt de mautalant

799.0 512.0 1108.0 11.0 v ͛s le .pa. broche son auferrant

818.0 597.0 996.0 11.0  florien ꝯtre luí fieremant

815.0 682.0 1010.0 8.0 .r oll̃. feri sor son escu luisant

807.0 769.0 1212.0 11.0 n e fu pas cop de garcon ne denfant

804.0 851.0 1187.0 8.0 m l̃t est cil fort qͥ le va soustenant

799.0 935.0 150.0 112.0 S

949.0 933.0 996.0 11.0 e turc feri .Roll̃. sor son escu

983.0 1020.0 1120.0 16.0 d e souz la boucle lia fraint  fendu

804.0 1102.0 1144.0 13.0 d e son haub͛c a le pan desrompu

807.0 1192.0 1280.0 13.0 l es pieces volent du bon espie molu

813.0 1257.0 987.0 11.0 l ez le coste li avoit embatu

813.0 1342.0 1056.0 5.0 l e destre estrier li a du pie tolu

810.0 1416.0 1263.0 13.0 e n paínt le bien ne li vaust .i. festu

818.0 1492.0 1075.0 19.0 s a lance brise  .Roll̃. la feru

793.0 1574.0 1237.0 27.0 d e souz la boucle .i. cop ꝑ grãt v͛tu

802.0 1667.0 1067.0 13.0 l escu li ꝑce laub͛c li a rompu

810.0 1754.0 1064.0 11.0 O u cors lí met le fort espie molu

810.0 1825.0 1020.0 19.0 m ort la bati enmi le pre herbu

804.0 1909.0 1073.0 19.0 m õjoie escrie .pa. lont entendu

813.0 2002.0 965.0 11.0  dit li q̃ns fel cuv͛t mescreu

790.0 2097.0 1272.0 6.0 j ames en france nert de v⁹ plet tenu

804.0 2163.0 1133.0 19.0 d it lamiraut qͥ ml̃t dolent en fu

805.0 2250.0 984.0 6.0 ꝑ mahomet cestuí avõ ꝑdu

818.0 2329.0 914.0 9.0 C eest .Roll̃. qͥ le nos a tolu

801.0 2409.0 1108.0 24.0 s e ne le venge ne me pͥse .i. festu

750.0 2556.0 221.0 38.0 L

957.0 2496.0 838.0 5.0 i amíraus sellesse a oliv͛

952.0 2581.0 1217.0 16.0  li q̃ns broche fauvel sõ bõ destrier

800.0 2662.0 976.0 2.0 l i ſarr̃. le feri tout p͛míer

821.0 2728.0 867.0 24.0 l escu li ꝑce au fer  a lac͛

807.0 2815.0 1307.0 25.0 .C . mailles trẽche du bõ haub͛c doublier

775.0 2887.0 1047.0 35.0  du coste li fait le sanc raier
