2509 3296
439 241 1017 96 tinel broche flori son bon destrier

1734 263 151 66 109

305 203 131 206 O

478 321 1165 101 d evant les autͤs le tret a .í. archier

277 398 910 99 b ien est armez a loi de ch̃ꝛ

261 472 1354 124 s es armes furent dun bõ paile tͤs chier

255 554 1256 118 n us hons qͥ víve ne les puet espͥsier

263 642 1275 107 C ar feu ne eve ne les puet empirier

263 716 1012 102  qͥ en a la monte dun deníer

255 796 1316 107 T ant nel set on ne naffrer ne plaier

230 881 1429 118 s e en la plaie le puet de plaín couchier

252 966 1297 107 q ̃ maíntenant ne soit saín  legier

250 1038 1200 129 l a fille .kll̃. qͥ ml̃t fait a proisier

258 1131 1294 107 l ors li bailla lenseigne au roi gaif͛

239 1208 1258 99  otes broche le bon corant destrier

250 1282 1110 102 .r oll̃. enꝯtͤ a lissir dun rochier

233 1356 926 105 d e sa ꝑole le va ꝯtralier

236 1439 1168 112 s ire .Roll̃. venez vos despeschier

228 1504 1113 127 q ͥdez vos touz ces .p̃a. esmaier

236 1609 1096 115 ꝑ cele foi q̃ je doi saínt richier

236 1695 1105 106  moi  v⁹ s íavrons arungier

197 1771 1193 115 s or destre garde sa veu olívíer

208 1854 1174 107 q ͥ sen fuíoít ꝯtreval .í. sentier

200 1930 1237 121 u ns roís .pa. le suít p᷑ mehaigníer

211 2024 1154 96 i lli avoit navre son bõ destrier

211 2101 1157 104 e n .íííí. lieus li fist le sanc raier

203 2180 1085 113 .O . broche ne se vout pl⁹ targier

197 2257 1141 113 v ers le .pa. se set bien adrecier

222 2334 1283 127 l e cheval broche des esperons dor mier

211 2425 1116 115  a brandie la hante de pomíer

162 2513 1187 110 f iert le .pa. sus lescu de quartier

206 2587 1168 112 a usi le fent ꝯme .í. raím dolivíer

211 2664 1272 115 l a bone broígne ne li vaut .i. deníer

200 2738 1245 124 n e le clavaín ní pot avoír mestier

181 2829 1451 123 s enseigne blanche li fist ou cors baagnier
