4872 6496
1033.0 324.0 1577.0 28.0 d eu dist li reis cũ co colp fu pesant

979.0 449.0 1706.0 27.0 s aínte marie guardez mei rollãt

990.0 573.0 1630.0 22.0 s e li qͦns chiet ne mesm͛veil níent

1044.0 709.0 1603.0 21.0 i l tient lespee si estreínt durement

1028.0 817.0 1656.0 31.0 f iert le paen sur le healme q̃ resplent

1028.0 936.0 1435.0 32.0 k un qͣrtier enꝯtre val descent

1023.0 1061.0 1684.0 41.0 t renche les mailles del halberc jacerãt

1017.0 1185.0 1538.0 49.0 e deloreille une partie en prent

996.0 1326.0 1569.0 32.0 s un bon escu desken la bucle fent

1001.0 1461.0 1581.0 27.0 l a leust mort vencu u recreant

1006.0 1580.0 1614.0 44.0 m es otinel at hardement ml̃t gͣnt

1006.0 1705.0 1581.0 27.0 d e curecuse la cuílt durement

1006.0 1824.0 1597.0 27.0 e rodlant luí od lespee trẽchant

1006.0 1965.0 1554.0 27.0 d e durendal le fiert menuemẽt

1012.0 2094.0 1717.0 51.0 g ͣnz colps sentredonẽt ederere e devãt

1006.0 2224.0 1779.0 42.0 v ers les espees ne valt le halberc níent

1001.0 2343.0 1760.0 41.0 d es mailles luist tut li pre e resplent

1006.0 2468.0 1601.0 47.0 d ist belisent ore fierent gentemẽt

1001.0 2592.0 1621.0 46.0 c este bataille ne dura mie lũgemẽt

1006.0 2712.0 1576.0 59.0 k e li vassal sũt de gͣnt hardemẽt

1001.0 2847.0 1630.0 54.0 Ml̃t trenche bien durendal la rodlãt

990.0 2966.0 1435.0 43.0 m eis curecuse ne li deit níent

990.0 3112.0 1695.0 56.0 d eus dist li reis cũ le cuer me ment

996.0 3237.0 1671.0 55.0 e n croiz se jette a deu vers orient

1006.0 3372.0 1657.0 50.0 u ne preiere at feit ml̃t gentement

996.0 3507.0 1602.0 27.0 d eus ki es sire e rei sur tute gent

990.0 3632.0 1693.0 41.0 t u me garis mũ chier nevu rodlant

985.0 3756.0 1299.0 22.0 e ꝯvertissez otínel le tirant

996.0 3892.0 1624.0 27.0 q̃ sur son chief prenge baptizement

990.0 4022.0 1348.0 21.0 b aíse la t͛re si se leve a tant

990.0 4152.0 1646.0 32.0 a la fenestre at mis sun chief avant

990.0 4303.0 1635.0 38.0 v eit ses baruns cũbatre gentement

990.0 4433.0 1473.0 16.0 d es lur escus nourent míe tant

979.0 4568.0 1716.0 50.0 d ũt il cuverir peussẽt lur puínz devãt

1314.0 4709.0 1609.0 31.0 ollant dit al paen kar guerpissez mahũ

974.0 4807.0 260.0 59.0 R

1313.0 4840.0 1282.0 34.0 e creí en deu ki suffri passiun

979.0 4953.0 1630.0 38.0 b er kar le fai si recevez gent dun

958.0 5088.0 1702.0 54.0 c o est belisent la fille al rei charlun

968.0 5218.0 1522.0 38.0 m a cusine est e jo te faz le dun

985.0 5353.0 1597.0 44.0 e jo e tu serrũ tut dis mes ꝯpaĩgnun

979.0 5483.0 1164.0 49.0 e oliv͛ a nus ajusterun

931.0 5619.0 1689.0 37.0 s i ꝯquerrum chastel e dunchun

2781.0 354.0 1728.0 68.0 c ite ne marche ne bon chastel gascun

2792.0 488.0 1581.0 26.0 j a plus de tei ne quíer un esperun

2739.0 606.0 1515.0 32.0 d ist otinel ore oi parler bricun

2788.0 734.0 1428.0 41.0 m al dehez eit ki te fist clerj́un

2761.0 870.0 1591.0 41.0 m eis jo suí maistre si te lirrai lescun

2733.0 974.0 1462.0 32.0 m en escient ainz q̃ departirun

2788.0 1122.0 1503.0 48.0 t el te durrai sur le healme brun

2733.0 1239.0 1446.0 22.0 k e ne purras dire oec ne nun

3015.0 1374.0 1321.0 28.0 l nevu charle nout q̃ curecer

2760.0 1467.0 168.0 81.0 E

2982.0 1510.0 1332.0 16.0 m al talent a m͛veillus e fier

2733.0 1624.0 1646.0 21.0 t int durendal u le pũt fu dor míer

2739.0 1743.0 1689.0 27.0 s ur le healme fiert otinel le guerreer

2728.0 1867.0 1451.0 22.0 k e fu ensalt del fer e del ascier

2750.0 1989.0 1705.0 35.0 c il luí guenchist qͥ bien sout del mest͛

2809.0 2135.0 1584.0 68.0 d eliez lespaule en fait le colp beisser

2809.0 2265.0 1639.0 54.0 t rẽche les maelles del jacerãt dubler

2795.0 2394.0 1666.0 41.0 t ut le descovere treskal nu del braier

2766.0 2526.0 1525.0 24.0 m eis a la char ne poeit mie tucher

2754.0 2639.0 1469.0 34.0 l i colp fu gͣnt le vassal fet pleer

2712.0 2760.0 1488.0 33.0 p ᷑ un petit nel fait agenuiller

2754.0 2895.0 1688.0 51.0 f ranceis sescrient quel colp de cheval͛

2717.0 3020.0 1721.0 38.0 l i plusur dient del curteis messagier

2749.0 3147.0 1627.0 51.0 k e vencuz est ne se pot meis aider

2744.0 3290.0 1770.0 56.0 m eis poi conuissent otinel le guerreer

2759.0 3417.0 1408.0 46.0 l e fiz le rei galien al vís fier

2722.0 3540.0 1738.0 32.0 i l fait un salt si volt le colp venger

2750.0 3676.0 1543.0 37.0 s ore ne se sace li níes le rei guaiter

2741.0 3795.0 1649.0 37.0 j a ne ferra meis colp sur chevaler

2981.0 3934.0 1246.0 17.0 i sarazin a la culur muee

2674.0 4032.0 249.0 82.0 L

2971.0 4054.0 1381.0 33.0 l es oilz ruille cũ beste devee

2701.0 4184.0 1651.0 38.0 t ient curecuse si lat amũt levee

2701.0 4336.0 1591.0 27.0 a l nevu charle la fra ja privee

2695.0 4471.0 1673.0 22.0 s ur le healme dor li at j́a p͛sentee

2744.0 4590.0 1699.0 62.0 u n colp li done par si gͣnt randunee

2975.0 4746.0 1493.0 38.0 j a fust la teste rollãt del cors severe

2750.0 4872.0 1592.0 35.0 q ͣnt curecuse li est el puín turnee

2726.0 4991.0 1350.0 32.0 u n altre colp li jete a celee

2732.0 5125.0 1532.0 43.0 e ntre le cors e lescu vint lespee

2674.0 5261.0 1662.0 17.0 s ur les enarmes a la targe colpee

2690.0 5397.0 1608.0 21.0 k as ses piez labat en mi la pree

2685.0 5537.0 1640.0 27.0 d el bon halberc ꝯsíut la gerunee

2679.0 5662.0 1510.0 16.0 d esken la t͛re fet culer lespee
