4872 6496
1028 194 1581 174 d eu dist li reis cũ co colp fu pesant

974 341 1705 157 s aínte marie guardez mei rollãt

985 465 1629 162 s e li qͦns chiet ne mesm͛veil níent

1039 595 1602 157 i l tient lespee si estreínt durement

1023 714 1656 162 f iert le paen sur le healme q̃ resplent

1023 833 1434 157 k un qͣrtier enꝯtre val descent

1017 958 1722 178 t renche les mailles del halberc jacerãt

1012 1082 1537 179 e deloreille une partie en prent

990 1218 1570 167 s un bon escu desken la bucle fent

996 1358 1580 152 l a leust mort vencu u recreant

1001 1477 1613 174 m es otinel at hardement ml̃t gͣnt

1001 1607 1581 152 d e curecuse la cuílt durement

1001 1721 1597 162 e rodlant luí od lespee trẽchant

1001 1867 1554 152 d e durendal le fiert menuemẽt

1006 1975 1722 179 g ͣnz colps sentredonẽt ederere e devãt

1001 2111 1781 173 v ers les espees ne valt le halberc níent

996 2241 1764 167 d es mailles luist tut li pre e resplent

1001 2354 1602 174 d ist belisent ore fierent gentemẽt

996 2484 1683 173 c este bataille ne dura mie lũgemẽt

1001 2598 1575 189 k e li vassal sũt de gͣnt hardemẽt

996 2739 1634 178 Ml̃t trenche bien durendal la rodlãt

985 2869 1434 157 m eis curecuse ne li deit níent

985 2982 1694 195 d eus dist li reis cũ le cuer me ment

990 3128 1673 195 e n croiz se jette a deu vers orient

1001 3258 1656 168 u ne preiere at feit ml̃t gentement

990 3404 1602 147 d eus ki es sire e rei sur tute gent

985 3529 1694 157 t u me garis mũ chier nevu rodlant

979 3654 1300 146 e ꝯvertissez otínel le tirant

990 3783 1624 163 q̃ sur son chief prenge baptizement

985 3913 1348 152 b aíse la t͛re si se leve a tant

985 4049 1645 157 a la fenestre at mis sun chief avant

985 4195 1635 141 v eit ses baruns cũbatre gentement

985 4330 1472 141 d es lur escus nourent míe tant

974 4449 1716 173 d ũt il cuverir peussẽt lur puínz devãt

1310 4601 1607 157 ollant dit al paen kar guerpissez mahũ

1310 4720 1282 168 e creí en deu ki suffri passiun

936 4693 314 200 R

974 4850 1629 157 b er kar le fai si recevez gent dun

952 4980 1705 178 c o est belisent la fille al rei charlun

963 5115 1521 168 m a cusine est e jo te faz le dun

979 5240 1597 184 e jo e tu serrũ tut dis mes ꝯpaĩgnun

974 5375 1164 173 e oliv͛ a nus ajusterun

925 5516 1689 195 s i ꝯquerrum chastel e dunchun

2777 232 1726 211 c ite ne marche ne bon chastel gascun

2787 384 1581 151 j a plus de tei ne quíer un esperun

2733 503 1516 162 d ist otinel ore oi parler bricun

2787 617 1424 178 m al dehez eit ki te fist clerj́un

2760 752 1592 157 m eis jo suí maistre si te lirrai lescun

2728 876 1461 163 m en escient ainz q̃ departirun

2771 1012 1510 157 t el te durrai sur le healme brun

2728 1142 1445 146 k e ne purras dire oec ne nun

3009 1272 1321 157 l nevu charle nout q̃ curecer

2749 1369 206 184 E

2977 1412 1332 136 m al talent a m͛veillus e fier

2728 1531 1645 147 t int durendal u le pũt fu dor míer

2733 1645 1689 152 s ur le healme fiert otinel le guerreer

2722 1764 1451 152 k e fu ensalt del fer e del ascier

2749 1889 1700 178 c il luí guenchist qͥ bien sout del mest͛

2804 2030 1586 162 d eliez lespaule en fait le colp beisser

2804 2159 1640 152 t rẽche les maelles del jacerãt dubler

2793 2284 1667 146 t ut le descovere treskal nu del braier

2760 2408 1532 141 m eis a la char ne poeit mie tucher

2749 2528 1473 162 l i colp fu gͣnt le vassal fet pleer

2706 2657 1489 174 p ᷑ un petit nel fait agenuiller

2749 2793 1760 178 f ranceis sescrient quel colp de cheval͛

2712 2917 1721 168 l i plusur dient del curteis messagier

2744 3042 1629 184 k e vencuz est ne se pot meis aider

2739 3183 1770 189 m eis poi conuissent otinel le guerreer

2755 3318 1407 151 l e fiz le rei galien al vís fier

2717 3437 1738 173 i l fait un salt si volt le colp venger

2749 3561 1543 168 s ore ne se sace li níes le rei guaiter

2739 3702 1645 157 j a ne ferra meis colp sur chevaler

2977 3832 1245 146 i sarazin a la culur muee

2657 3935 266 173 L

2966 3957 1380 162 l es oilz ruille cũ beste devee

2695 4087 1651 173 t ient curecuse si lat amũt levee

2695 4233 1592 157 a l nevu charle la fra ja privee

2690 4368 1673 146 s ur le healme dor li at j́a p͛sentee

2739 4487 1699 179 u n colp li done par si gͣnt randunee

2971 4622 1495 174 j a fust la teste rollãt del cors severe

2749 4752 1592 168 q ͣnt curecuse li est el puín turnee

2722 4893 1348 152 u n altre colp li jete a celee

2728 5012 1532 173 e ntre le cors e lescu vint lespee

2668 5164 1662 151 s ur les enarmes a la targe colpee

2685 5294 1607 162 k as ses piez labat en mi la pree

2679 5434 1640 163 d el bon halberc ꝯsíut la gerunee

2674 5570 1510 173 d esken la t͛re fet culer lespee
