<?xml version="1.0" encoding="UTF-8"?>
<alto xmlns:xsi="http://www.w3.org/2001/XMLSchema-instance"
      xmlns="http://www.loc.gov/standards/alto/ns-v4#"
      xsi:schemaLocation="http://www.loc.gov/standards/alto/ns-v4# https://gitlab.inria.fr/scripta/escriptorium/-/raw/develop/app/escriptorium/static/alto-4-1-baselines.xsd">
  <Description>
    <MeasurementUnit>pixel</MeasurementUnit>
    <sourceImageInformation>
      <fileName>434_1dfb1_default.jpg</fileName>
    </sourceImageInformation>
  </Description>
  
  <Tags>
    <OtherTag ID="BT1" LABEL="Title" DESCRIPTION="block type Title"/><OtherTag ID="BT2" LABEL="Main" DESCRIPTION="block type Main"/><OtherTag ID="BT598" LABEL="Damage" DESCRIPTION="block type Damage"/><OtherTag ID="BT599" LABEL="Decoration" DESCRIPTION="block type Decoration"/><OtherTag ID="BT600" LABEL="DropCapitalLine" DESCRIPTION="block type DropCapitalLine"/><OtherTag ID="BT601" LABEL="Margin" DESCRIPTION="block type Margin"/><OtherTag ID="BT602" LABEL="Numbering" DESCRIPTION="block type Numbering"/><OtherTag ID="BT603" LABEL="RunningTitle" DESCRIPTION="block type RunningTitle"/><OtherTag ID="BT604" LABEL="Stamp" DESCRIPTION="block type Stamp"/><OtherTag ID="BT605" LABEL="Table" DESCRIPTION="block type Table"/><OtherTag ID="BT606" LABEL="DropCapital" DESCRIPTION="block type DropCapital"/>
    <OtherTag ID="LT211" LABEL="Default" DESCRIPTION="line type Default"/><OtherTag ID="LT212" LABEL="DropCapitalLine" DESCRIPTION="line type DropCapitalLine"/><OtherTag ID="LT213" LABEL="Interlinear" DESCRIPTION="line type Interlinear"/><OtherTag ID="LT214" LABEL="MusicLine" DESCRIPTION="line type MusicLine"/><OtherTag ID="LT215" LABEL="Rubric" DESCRIPTION="line type Rubric"/>
  </Tags>
  
  <Layout>
    <Page WIDTH="4872"
          HEIGHT="6496"
          PHYSICAL_IMG_NR="10"
          ID="eSc_dummypage_">
      <PrintSpace HPOS="0"
                  VPOS="0"
                  WIDTH="4872"
                  HEIGHT="6496">
        
        <TextBlock HPOS="3797.0"
                   VPOS="240.0"
                   WIDTH="240.0"
                   HEIGHT="208.0"
                   ID="eSc_textblock_493a6109"
                   TAGREFS="BT602">
          <Shape><Polygon POINTS="3797 240 3797 448 4037 448 4037 240"/></Shape>
          
          
          <TextLine ID="eSc_line_4a2a68f9"
                    
                    BASELINE="3812 410 4044 410" 
                    HPOS="3810.0"
                    VPOS="406.0"
                    WIDTH="233.0"
                    HEIGHT="37.0">
            <Shape><Polygon POINTS="3810 406 4043 406 4032 443 3935 422 3821 443"/></Shape>
	    <String CONTENT="216"
                    HPOS="3810.0"
                    VPOS="406.0"
                    WIDTH="233.0"
                    HEIGHT="37.0"></String>
          </TextLine>

          
        </TextBlock>
        
        <TextBlock HPOS="147"
                   VPOS="1796"
                   WIDTH="236"
                   HEIGHT="288"
                   ID="eSc_textblock_90590bc8"
                   TAGREFS="BT606">
          <Shape><Polygon POINTS="147 1796 147 2084 383 2084 383 1796"/></Shape>
          
        </TextBlock>
        
        <TextBlock HPOS="1668"
                   VPOS="4259"
                   WIDTH="435"
                   HEIGHT="582"
                   ID="eSc_textblock_cf463232"
                   TAGREFS="BT606">
          <Shape><Polygon POINTS="1668 4259 1668 4841 2103 4841 2103 4259"/></Shape>
          
        </TextBlock>
        
        <TextBlock HPOS="98"
                   VPOS="198"
                   WIDTH="1671"
                   HEIGHT="5553"
                   ID="eSc_textblock_4cfb7005"
                   TAGREFS="BT2">
          <Shape><Polygon POINTS="167 198 98 5751 1769 5751 1769 218"/></Shape>
          
          
          <TextLine ID="eSc_line_0ed99f08"
                    TAGREFS="LT211"
                    BASELINE="184 422 1586 384 1789 389" 
                    HPOS="184.0"
                    VPOS="384.0"
                    WIDTH="1605.0"
                    HEIGHT="38.0">
            
	    <String CONTENT="n e um ne pot tuz j́urs sẽz j⁹te est͛"
                    HPOS="184.0"
                    VPOS="384.0"
                    WIDTH="1605.0"
                    HEIGHT="38.0"></String>
          </TextLine>

          
          
          <TextLine ID="eSc_line_9a4e783e"
                    TAGREFS="LT211"
                    BASELINE="178 541 1748 514" 
                    HPOS="178.0"
                    VPOS="514.0"
                    WIDTH="1570.0"
                    HEIGHT="27.0">
            
	    <String CONTENT="e qͣnt hũ qͥde gͣnt leesce ẽꝯtrer"
                    HPOS="178.0"
                    VPOS="514.0"
                    WIDTH="1570.0"
                    HEIGHT="27.0"></String>
          </TextLine>

          
          
          <TextLine ID="eSc_line_af6d5636"
                    TAGREFS="LT211"
                    BASELINE="259 655 1759 644" 
                    HPOS="259.0"
                    VPOS="644.0"
                    WIDTH="1500.0"
                    HEIGHT="11.0">
            
	    <String CONTENT="i dũc est il plus pres del desturber"
                    HPOS="259.0"
                    VPOS="644.0"
                    WIDTH="1500.0"
                    HEIGHT="11.0"></String>
          </TextLine>

          
          
          <TextLine ID="eSc_line_0873f5c9"
                    TAGREFS="LT211"
                    BASELINE="189 779 1726 757" 
                    HPOS="189.0"
                    VPOS="757.0"
                    WIDTH="1537.0"
                    HEIGHT="22.0">
            
	    <String CONTENT="v eirs dit ogier ci a mal a pẽser"
                    HPOS="189.0"
                    VPOS="757.0"
                    WIDTH="1537.0"
                    HEIGHT="22.0"></String>
          </TextLine>

          
          
          <TextLine ID="eSc_line_fdcdd91f"
                    TAGREFS="LT211"
                    BASELINE="184 909 1569 893" 
                    HPOS="184.0"
                    VPOS="893.0"
                    WIDTH="1385.0"
                    HEIGHT="16.0">
            
	    <String CONTENT="n e ci nav͛a mest͛ desponter"
                    HPOS="184.0"
                    VPOS="893.0"
                    WIDTH="1385.0"
                    HEIGHT="16.0"></String>
          </TextLine>

          
          
          <TextLine ID="eSc_line_c6e91479"
                    TAGREFS="LT211"
                    BASELINE="173 1039 1683 1023" 
                    HPOS="173.0"
                    VPOS="1023.0"
                    WIDTH="1510.0"
                    HEIGHT="16.0">
            
	    <String CONTENT="v eez paens nes poez eschiver"
                    HPOS="173.0"
                    VPOS="1023.0"
                    WIDTH="1510.0"
                    HEIGHT="16.0"></String>
          </TextLine>

          
          
          <TextLine ID="eSc_line_fe412189"
                    TAGREFS="LT211"
                    BASELINE="189 1163 1788 1157" 
                    HPOS="189.0"
                    VPOS="1157.0"
                    WIDTH="1599.0"
                    HEIGHT="6.0">
            
	    <String CONTENT="p ar mi lur lances n⁹ estuv͛a passer"
                    HPOS="189.0"
                    VPOS="1157.0"
                    WIDTH="1599.0"
                    HEIGHT="6.0"></String>
          </TextLine>

          
          
          <TextLine ID="eSc_line_30c4ae48"
                    TAGREFS="LT211"
                    BASELINE="173 1288 1733 1281" 
                    HPOS="173.0"
                    VPOS="1281.0"
                    WIDTH="1560.0"
                    HEIGHT="7.0">
            
	    <String CONTENT="o re deit chascũ sa pruesce mustrer"
                    HPOS="173.0"
                    VPOS="1281.0"
                    WIDTH="1560.0"
                    HEIGHT="7.0"></String>
          </TextLine>

          
          
          <TextLine ID="eSc_line_5393b8bf"
                    TAGREFS="LT211"
                    BASELINE="167 1418 1716 1396" 
                    HPOS="167.0"
                    VPOS="1396.0"
                    WIDTH="1549.0"
                    HEIGHT="22.0">
            
	    <String CONTENT="p uis kum ÷ pris nel deit hum afoler"
                    HPOS="167.0"
                    VPOS="1396.0"
                    WIDTH="1549.0"
                    HEIGHT="22.0"></String>
          </TextLine>

          
          
          <TextLine ID="eSc_line_2c76f956"
                    TAGREFS="LT211"
                    BASELINE="173 1542 1613 1526" 
                    HPOS="173.0"
                    VPOS="1526.0"
                    WIDTH="1440.0"
                    HEIGHT="16.0">
            
	    <String CONTENT="k ar bien nel pouns amener"
                    HPOS="173.0"
                    VPOS="1526.0"
                    WIDTH="1440.0"
                    HEIGHT="16.0"></String>
          </TextLine>

          
          
          <TextLine ID="eSc_line_8a997d7e"
                    TAGREFS="LT211"
                    BASELINE="167 1661 1656 1651" 
                    HPOS="167.0"
                    VPOS="1651.0"
                    WIDTH="1489.0"
                    HEIGHT="10.0">
            
	    <String CONTENT="b ien le n⁹ pot encui reguerdon͛"
                    HPOS="167.0"
                    VPOS="1651.0"
                    WIDTH="1489.0"
                    HEIGHT="10.0"></String>
          </TextLine>

          
          
          <TextLine ID="eSc_line_34e809ba"
                    TAGREFS="LT211"
                    BASELINE="167 1780 1704 1775" 
                    HPOS="167.0"
                    VPOS="1775.0"
                    WIDTH="1537.0"
                    HEIGHT="5.0">
            
	    <String CONTENT="e dist clarel franc qͦr te fist parler"
                    HPOS="167.0"
                    VPOS="1775.0"
                    WIDTH="1537.0"
                    HEIGHT="5.0"></String>
          </TextLine>

          
          
          <TextLine ID="eSc_line_819628cf"
                    TAGREFS="LT212"
                    BASELINE="201 2034 328 2024" 
                    HPOS="200.0"
                    VPOS="2002.0"
                    WIDTH="124.0"
                    HEIGHT="103.0">
            <Shape><Polygon POINTS="200 2030 281 2002 324 2019 313 2073 216 2105"/></Shape>
	    <String CONTENT="S"
                    HPOS="200.0"
                    VPOS="2002.0"
                    WIDTH="124.0"
                    HEIGHT="103.0"></String>
          </TextLine>

          
          
          <TextLine ID="eSc_line_bd734a10"
                    TAGREFS="LT211"
                    BASELINE="390 1900 1683 1894" 
                    HPOS="390.0"
                    VPOS="1894.0"
                    WIDTH="1293.0"
                    HEIGHT="6.0">
            
	    <String CONTENT="ire rollãt co dit ogier le ber"
                    HPOS="390.0"
                    VPOS="1894.0"
                    WIDTH="1293.0"
                    HEIGHT="6.0"></String>
          </TextLine>

          
          
          <TextLine ID="eSc_line_8d291d54"
                    TAGREFS="LT211"
                    BASELINE="407 2028 1812 2020" 
                    HPOS="407.0"
                    VPOS="2020.0"
                    WIDTH="1405.0"
                    HEIGHT="8.0">
            
	    <String CONTENT="f ort estes e fiers hardiz e redutez"
                    HPOS="407.0"
                    VPOS="2020.0"
                    WIDTH="1405.0"
                    HEIGHT="8.0"></String>
          </TextLine>

          
          
          <TextLine ID="eSc_line_1f9eab9f"
                    TAGREFS="LT211"
                    BASELINE="162 2154 1521 2154" 
                    HPOS="162.0"
                    VPOS="2154.0"
                    WIDTH="1359.0"
                    HEIGHT="0.0">
            
	    <String CONTENT="e de bataille bien enluminez"
                    HPOS="162.0"
                    VPOS="2154.0"
                    WIDTH="1359.0"
                    HEIGHT="0.0"></String>
          </TextLine>

          
          
          <TextLine ID="eSc_line_0fb5298c"
                    TAGREFS="LT211"
                    BASELINE="162 2268 1640 2279" 
                    HPOS="162.0"
                    VPOS="2268.0"
                    WIDTH="1478.0"
                    HEIGHT="11.0">
            
	    <String CONTENT="e oliv͛ est chevaler pruvez"
                    HPOS="162.0"
                    VPOS="2268.0"
                    WIDTH="1478.0"
                    HEIGHT="11.0"></String>
          </TextLine>

          
          
          <TextLine ID="eSc_line_0887f75f"
                    TAGREFS="LT211"
                    BASELINE="156 2403 1737 2403" 
                    HPOS="156.0"
                    VPOS="2403.0"
                    WIDTH="1581.0"
                    HEIGHT="0.0">
            
	    <String CONTENT="e jo meisme de maint pas eschapez"
                    HPOS="156.0"
                    VPOS="2403.0"
                    WIDTH="1581.0"
                    HEIGHT="0.0"></String>
          </TextLine>

          
          
          <TextLine ID="eSc_line_6959da95"
                    TAGREFS="LT211"
                    BASELINE="151 2517 1580 2533" 
                    HPOS="151.0"
                    VPOS="2517.0"
                    WIDTH="1429.0"
                    HEIGHT="16.0">
            
	    <String CONTENT="v eez paens refuser nes poez"
                    HPOS="151.0"
                    VPOS="2517.0"
                    WIDTH="1429.0"
                    HEIGHT="16.0"></String>
          </TextLine>

          
          
          <TextLine ID="eSc_line_ac9dc5f0"
                    TAGREFS="LT211"
                    BASELINE="156 2647 1607 2661" 
                    HPOS="156.0"
                    VPOS="2647.0"
                    WIDTH="1451.0"
                    HEIGHT="14.0">
            
	    <String CONTENT="n altre sucurs dũme natendez"
                    HPOS="156.0"
                    VPOS="2647.0"
                    WIDTH="1451.0"
                    HEIGHT="14.0"></String>
          </TextLine>

          
          
          <TextLine ID="eSc_line_1d50d0dc"
                    TAGREFS="LT211"
                    BASELINE="156 2777 1770 2792" 
                    HPOS="156.0"
                    VPOS="2777.0"
                    WIDTH="1614.0"
                    HEIGHT="15.0">
            
	    <String CONTENT="k i ore ní fierge il seit cuard pruvez"
                    HPOS="156.0"
                    VPOS="2777.0"
                    WIDTH="1614.0"
                    HEIGHT="15.0"></String>
          </TextLine>

          
          
          <TextLine ID="eSc_line_7a14ca8d"
                    TAGREFS="LT211"
                    BASELINE="156 2912 1759 2912" 
                    HPOS="156.0"
                    VPOS="2912.0"
                    WIDTH="1603.0"
                    HEIGHT="0.0">
            
	    <String CONTENT="m ũjoie escrient eis les vus ajustez"
                    HPOS="156.0"
                    VPOS="2912.0"
                    WIDTH="1603.0"
                    HEIGHT="0.0"></String>
          </TextLine>

          
          
          <TextLine ID="eSc_line_d78c4831"
                    TAGREFS="LT211"
                    BASELINE="167 3047 1569 3047" 
                    HPOS="167.0"
                    VPOS="3047.0"
                    WIDTH="1402.0"
                    HEIGHT="0.0">
            
	    <String CONTENT="j a i av͛a des morz e des nav͛ez"
                    HPOS="167.0"
                    VPOS="3047.0"
                    WIDTH="1402.0"
                    HEIGHT="0.0"></String>
          </TextLine>

          
          
          <TextLine ID="eSc_line_ed5186fb"
                    TAGREFS="LT211"
                    BASELINE="151 3161 1591 3150" 
                    HPOS="151.0"
                    VPOS="3150.0"
                    WIDTH="1440.0"
                    HEIGHT="11.0">
            
	    <String CONTENT="r ollant feri un paien berruíer"
                    HPOS="151.0"
                    VPOS="3150.0"
                    WIDTH="1440.0"
                    HEIGHT="11.0"></String>
          </TextLine>

          
          
          <TextLine ID="eSc_line_ac238443"
                    TAGREFS="LT211"
                    BASELINE="151 3296 1624 3280" 
                    HPOS="151.0"
                    VPOS="3280.0"
                    WIDTH="1473.0"
                    HEIGHT="16.0">
            
	    <String CONTENT="q ͥ plus est neír q̃ mure de murer"
                    HPOS="151.0"
                    VPOS="3280.0"
                    WIDTH="1473.0"
                    HEIGHT="16.0"></String>
          </TextLine>

          
          
          <TextLine ID="eSc_line_e0591700"
                    TAGREFS="LT211"
                    BASELINE="168 3411 1767 3399" 
                    HPOS="168.0"
                    VPOS="3399.0"
                    WIDTH="1599.0"
                    HEIGHT="12.0">
            
	    <String CONTENT="m ort le tresturne ẽ mi liu dun sentíer"
                    HPOS="168.0"
                    VPOS="3399.0"
                    WIDTH="1599.0"
                    HEIGHT="12.0"></String>
          </TextLine>

          
          
          <TextLine ID="eSc_line_90825eda"
                    TAGREFS="LT211"
                    BASELINE="146 3534 1678 3507" 
                    HPOS="146.0"
                    VPOS="3507.0"
                    WIDTH="1532.0"
                    HEIGHT="27.0">
            
	    <String CONTENT="e oliv͛ fiert balsan de mũtpellier"
                    HPOS="146.0"
                    VPOS="3507.0"
                    WIDTH="1532.0"
                    HEIGHT="27.0"></String>
          </TextLine>

          
          
          <TextLine ID="eSc_line_7a972a39"
                    TAGREFS="LT211"
                    BASELINE="146 3659 1667 3626" 
                    HPOS="146.0"
                    VPOS="3626.0"
                    WIDTH="1521.0"
                    HEIGHT="33.0">
            
	    <String CONTENT="e li danais juste al sarazin motier"
                    HPOS="146.0"
                    VPOS="3626.0"
                    WIDTH="1521.0"
                    HEIGHT="33.0"></String>
          </TextLine>

          
          
          <TextLine ID="eSc_line_5adae612"
                    TAGREFS="LT211"
                    BASELINE="146 3783 1721 3756" 
                    HPOS="146.0"
                    VPOS="3756.0"
                    WIDTH="1575.0"
                    HEIGHT="27.0">
            
	    <String CONTENT="m ort les abatent cil furẽt li pͥmer"
                    HPOS="146.0"
                    VPOS="3756.0"
                    WIDTH="1575.0"
                    HEIGHT="27.0"></String>
          </TextLine>

          
          
          <TextLine ID="eSc_line_fc323e7f"
                    TAGREFS="LT211"
                    BASELINE="146 3934 1742 3892" 
                    HPOS="146.0"
                    VPOS="3892.0"
                    WIDTH="1596.0"
                    HEIGHT="42.0">
            
	    <String CONTENT="t reis ont occis des hanstes de pũmer"
                    HPOS="146.0"
                    VPOS="3892.0"
                    WIDTH="1596.0"
                    HEIGHT="42.0"></String>
          </TextLine>

          
          
          <TextLine ID="eSc_line_bd811095"
                    TAGREFS="LT211"
                    BASELINE="167 4049 1548 4022" 
                    HPOS="167.0"
                    VPOS="4022.0"
                    WIDTH="1381.0"
                    HEIGHT="27.0">
            
	    <String CONTENT="p uís ont treit les espees dascer"
                    HPOS="167.0"
                    VPOS="4022.0"
                    WIDTH="1381.0"
                    HEIGHT="27.0"></String>
          </TextLine>

          
          
          <TextLine ID="eSc_line_64a7f09e"
                    TAGREFS="LT211"
                    BASELINE="160 4178 1784 4159" 
                    HPOS="160.0"
                    VPOS="4159.0"
                    WIDTH="1624.0"
                    HEIGHT="19.0">
            
	    <String CONTENT="r ollant les veit od durendal trẽchier"
                    HPOS="160.0"
                    VPOS="4159.0"
                    WIDTH="1624.0"
                    HEIGHT="19.0"></String>
          </TextLine>

          
          
          <TextLine ID="eSc_line_44e415b8"
                    TAGREFS="LT211"
                    BASELINE="168 4322 1592 4304" 
                    HPOS="168.0"
                    VPOS="4304.0"
                    WIDTH="1424.0"
                    HEIGHT="18.0">
            
	    <String CONTENT="p ar un e un les feit trebuchier"
                    HPOS="168.0"
                    VPOS="4304.0"
                    WIDTH="1424.0"
                    HEIGHT="18.0"></String>
          </TextLine>

          
          
          <TextLine ID="eSc_line_4643038e"
                    TAGREFS="LT211"
                    BASELINE="167 4449 1705 4417" 
                    HPOS="167.0"
                    VPOS="4417.0"
                    WIDTH="1538.0"
                    HEIGHT="32.0">
            
	    <String CONTENT="o liv͛ trovent li paíen ml̃t fier"
                    HPOS="167.0"
                    VPOS="4417.0"
                    WIDTH="1538.0"
                    HEIGHT="32.0"></String>
          </TextLine>

          
          
          <TextLine ID="eSc_line_cbadbdf0"
                    TAGREFS="LT211"
                    BASELINE="162 4568 1477 4541" 
                    HPOS="162.0"
                    VPOS="4541.0"
                    WIDTH="1315.0"
                    HEIGHT="27.0">
            
	    <String CONTENT="a halteclere i fait tel sentier"
                    HPOS="162.0"
                    VPOS="4541.0"
                    WIDTH="1315.0"
                    HEIGHT="27.0"></String>
          </TextLine>

          
          
          <TextLine ID="eSc_line_d43d0f9f"
                    TAGREFS="LT211"
                    BASELINE="167 4704 1813 4671" 
                    HPOS="167.0"
                    VPOS="4671.0"
                    WIDTH="1646.0"
                    HEIGHT="33.0">
            
	    <String CONTENT="b ien i purreient qͣtre chars enꝯtrer"
                    HPOS="167.0"
                    VPOS="4671.0"
                    WIDTH="1646.0"
                    HEIGHT="33.0"></String>
          </TextLine>

          
          
          <TextLine ID="eSc_line_1d9fb0dd"
                    TAGREFS="LT211"
                    BASELINE="167 4828 1710 4801" 
                    HPOS="167.0"
                    VPOS="4801.0"
                    WIDTH="1543.0"
                    HEIGHT="27.0">
            
	    <String CONTENT="l i bons daneis i fet ml̃t a preiser"
                    HPOS="167.0"
                    VPOS="4801.0"
                    WIDTH="1543.0"
                    HEIGHT="27.0"></String>
          </TextLine>

          
          
          <TextLine ID="eSc_line_23d81db2"
                    TAGREFS="LT211"
                    BASELINE="167 4953 1683 4936" 
                    HPOS="167.0"
                    VPOS="4936.0"
                    WIDTH="1516.0"
                    HEIGHT="17.0">
            
	    <String CONTENT="d e bien ferir ne se volt targier"
                    HPOS="167.0"
                    VPOS="4936.0"
                    WIDTH="1516.0"
                    HEIGHT="17.0"></String>
          </TextLine>

          
          
          <TextLine ID="eSc_line_bab5eb2a"
                    TAGREFS="LT211"
                    BASELINE="167 5083 1813 5073" 
                    HPOS="167.0"
                    VPOS="5073.0"
                    WIDTH="1646.0"
                    HEIGHT="10.0">
            
	    <String CONTENT="e streínt curteíne si broche le destrier"
                    HPOS="167.0"
                    VPOS="5073.0"
                    WIDTH="1646.0"
                    HEIGHT="10.0"></String>
          </TextLine>

          
          
          <TextLine ID="eSc_line_72728cfd"
                    TAGREFS="LT211"
                    BASELINE="167 5213 1737 5180" 
                    HPOS="167.0"
                    VPOS="5180.0"
                    WIDTH="1570.0"
                    HEIGHT="33.0">
            
	    <String CONTENT="a trẽte paens a fait les chiefs voler"
                    HPOS="167.0"
                    VPOS="5180.0"
                    WIDTH="1570.0"
                    HEIGHT="33.0"></String>
          </TextLine>

          
          
          <TextLine ID="eSc_line_939c656f"
                    TAGREFS="LT211"
                    BASELINE="184 5342 1688 5315" 
                    HPOS="184.0"
                    VPOS="5315.0"
                    WIDTH="1504.0"
                    HEIGHT="27.0">
            
	    <String CONTENT="a tãt est venu carmel de tabarie"
                    HPOS="184.0"
                    VPOS="5315.0"
                    WIDTH="1504.0"
                    HEIGHT="27.0"></String>
          </TextLine>

          
          
          <TextLine ID="eSc_line_144fa9cc"
                    TAGREFS="LT211"
                    BASELINE="194 5472 1694 5440" 
                    HPOS="194.0"
                    VPOS="5440.0"
                    WIDTH="1500.0"
                    HEIGHT="32.0">
            
	    <String CONTENT="u n sarazin qͥ tus les altres guíe"
                    HPOS="194.0"
                    VPOS="5440.0"
                    WIDTH="1500.0"
                    HEIGHT="32.0"></String>
          </TextLine>

          
          
          <TextLine ID="eSc_line_352c5d25"
                    TAGREFS="LT211"
                    BASELINE="205 5602 1737 5564" 
                    HPOS="205.0"
                    VPOS="5564.0"
                    WIDTH="1532.0"
                    HEIGHT="38.0">
            
	    <String CONTENT="b ien est arme si set sur pẽnepie"
                    HPOS="205.0"
                    VPOS="5564.0"
                    WIDTH="1532.0"
                    HEIGHT="38.0"></String>
          </TextLine>

          
        </TextBlock>
        
        <TextBlock HPOS="1753"
                   VPOS="139"
                   WIDTH="1923"
                   HEIGHT="5608"
                   ID="eSc_textblock_a9d5b44e"
                   TAGREFS="BT2">
          <Shape><Polygon POINTS="1753 139 1792 5747 3676 5688 3676 139"/></Shape>
          
          
          <TextLine ID="eSc_line_676dd5f1"
                    TAGREFS="LT211"
                    BASELINE="1833 395 3508 398" 
                    HPOS="1833.0"
                    VPOS="395.0"
                    WIDTH="1675.0"
                    HEIGHT="3.0">
            
	    <String CONTENT="e n sun language a halte voiz escͥe"
                    HPOS="1833.0"
                    VPOS="395.0"
                    WIDTH="1675.0"
                    HEIGHT="3.0"></String>
          </TextLine>

          
          
          <TextLine ID="eSc_line_2dfcd695"
                    TAGREFS="LT211"
                    BASELINE="1813 519 3545 503" 
                    HPOS="1813.0"
                    VPOS="503.0"
                    WIDTH="1732.0"
                    HEIGHT="16.0">
            
	    <String CONTENT="k e faites v⁹ mahumet deu v⁹ maldie"
                    HPOS="1813.0"
                    VPOS="503.0"
                    WIDTH="1732.0"
                    HEIGHT="16.0"></String>
          </TextLine>

          
          
          <TextLine ID="eSc_line_3b4b7aeb"
                    TAGREFS="LT211"
                    BASELINE="1818 638 3226 617" 
                    HPOS="1818.0"
                    VPOS="617.0"
                    WIDTH="1408.0"
                    HEIGHT="21.0">
            
	    <String CONTENT="q̃ dirrum n⁹ al ẽperur garsie"
                    HPOS="1818.0"
                    VPOS="617.0"
                    WIDTH="1408.0"
                    HEIGHT="21.0"></String>
          </TextLine>

          
          
          <TextLine ID="eSc_line_78fc4b39"
                    TAGREFS="LT211"
                    BASELINE="1818 757 3529 747" 
                    HPOS="1818.0"
                    VPOS="747.0"
                    WIDTH="1711.0"
                    HEIGHT="10.0">
            
	    <String CONTENT="k e par treis hũmes est si gͣnt gẽt hunie"
                    HPOS="1818.0"
                    VPOS="747.0"
                    WIDTH="1711.0"
                    HEIGHT="10.0"></String>
          </TextLine>

          
          
          <TextLine ID="eSc_line_b14db91a"
                    TAGREFS="LT211"
                    BASELINE="1824 893 3340 866" 
                    HPOS="1824.0"
                    VPOS="866.0"
                    WIDTH="1516.0"
                    HEIGHT="27.0">
            
	    <String CONTENT="j o toldraí a un des treis ja la vie"
                    HPOS="1824.0"
                    VPOS="866.0"
                    WIDTH="1516.0"
                    HEIGHT="27.0"></String>
          </TextLine>

          
          
          <TextLine ID="eSc_line_c5746a9e"
                    TAGREFS="LT211"
                    BASELINE="1824 1023 3318 990" 
                    HPOS="1824.0"
                    VPOS="990.0"
                    WIDTH="1494.0"
                    HEIGHT="33.0">
            
	    <String CONTENT="p uint le destrier la lance a brandie"
                    HPOS="1824.0"
                    VPOS="990.0"
                    WIDTH="1494.0"
                    HEIGHT="33.0"></String>
          </TextLine>

          
          
          <TextLine ID="eSc_line_00677430"
                    TAGREFS="LT211"
                    BASELINE="1858 1149 3212 1139" 
                    HPOS="1858.0"
                    VPOS="1139.0"
                    WIDTH="1354.0"
                    HEIGHT="10.0">
            
	    <String CONTENT="e fiert og͛ sur la targe flurie"
                    HPOS="1858.0"
                    VPOS="1139.0"
                    WIDTH="1354.0"
                    HEIGHT="10.0"></String>
          </TextLine>

          
          
          <TextLine ID="eSc_line_08b0c4f2"
                    TAGREFS="LT211"
                    BASELINE="1848 1273 3346 1266" 
                    HPOS="1848.0"
                    VPOS="1266.0"
                    WIDTH="1498.0"
                    HEIGHT="7.0">
            
	    <String CONTENT="d esuz la bucle la freint e percie"
                    HPOS="1848.0"
                    VPOS="1266.0"
                    WIDTH="1498.0"
                    HEIGHT="7.0"></String>
          </TextLine>

          
          
          <TextLine ID="eSc_line_b0079742"
                    TAGREFS="LT211"
                    BASELINE="1797 1396 3334 1380" 
                    HPOS="1797.0"
                    VPOS="1380.0"
                    WIDTH="1537.0"
                    HEIGHT="16.0">
            
	    <String CONTENT="l a bone bruíne ne li valt une fie"
                    HPOS="1797.0"
                    VPOS="1380.0"
                    WIDTH="1537.0"
                    HEIGHT="16.0"></String>
          </TextLine>

          
          
          <TextLine ID="eSc_line_2b411c26"
                    TAGREFS="LT211"
                    BASELINE="1802 1521 3220 1510" 
                    HPOS="1802.0"
                    VPOS="1510.0"
                    WIDTH="1418.0"
                    HEIGHT="11.0">
            
	    <String CONTENT="e l cors li met lenseinie dorcanie"
                    HPOS="1802.0"
                    VPOS="1510.0"
                    WIDTH="1418.0"
                    HEIGHT="11.0"></String>
          </TextLine>

          
          
          <TextLine ID="eSc_line_0b71c805"
                    TAGREFS="LT211"
                    BASELINE="1813 1651 3210 1634" 
                    HPOS="1813.0"
                    VPOS="1634.0"
                    WIDTH="1397.0"
                    HEIGHT="17.0">
            
	    <String CONTENT="n avere labat kikepeist u rie"
                    HPOS="1813.0"
                    VPOS="1634.0"
                    WIDTH="1397.0"
                    HEIGHT="17.0"></String>
          </TextLine>

          
          
          <TextLine ID="eSc_line_c676ee92"
                    TAGREFS="LT211"
                    BASELINE="1830 1777 3297 1766" 
                    HPOS="1830.0"
                    VPOS="1766.0"
                    WIDTH="1467.0"
                    HEIGHT="11.0">
            
	    <String CONTENT="v eit le rollant ki ke peist u ki rie"
                    HPOS="1830.0"
                    VPOS="1766.0"
                    WIDTH="1467.0"
                    HEIGHT="11.0"></String>
          </TextLine>

          
          
          <TextLine ID="eSc_line_58fde0b2"
                    TAGREFS="LT211"
                    BASELINE="1802 1894 3388 1867" 
                    HPOS="1802.0"
                    VPOS="1867.0"
                    WIDTH="1586.0"
                    HEIGHT="27.0">
            
	    <String CONTENT="f erir le vet sur le healme de burie"
                    HPOS="1802.0"
                    VPOS="1867.0"
                    WIDTH="1586.0"
                    HEIGHT="27.0"></String>
          </TextLine>

          
          
          <TextLine ID="eSc_line_d493ac64"
                    TAGREFS="LT211"
                    BASELINE="1856 2021 3399 2019" 
                    HPOS="1856.0"
                    VPOS="2019.0"
                    WIDTH="1543.0"
                    HEIGHT="2.0">
            
	    <String CONTENT="t ut le purfent sanz nule garantie"
                    HPOS="1856.0"
                    VPOS="2019.0"
                    WIDTH="1543.0"
                    HEIGHT="2.0"></String>
          </TextLine>

          
          
          <TextLine ID="eSc_line_d3e5184d"
                    TAGREFS="LT211"
                    BASELINE="1802 2149 3415 2127" 
                    HPOS="1802.0"
                    VPOS="2127.0"
                    WIDTH="1613.0"
                    HEIGHT="22.0">
            
	    <String CONTENT="c ulvert fet il deu del ciel te maldie"
                    HPOS="1802.0"
                    VPOS="2127.0"
                    WIDTH="1613.0"
                    HEIGHT="22.0"></String>
          </TextLine>

          
          
          <TextLine ID="eSc_line_82213b19"
                    TAGREFS="LT211"
                    BASELINE="1802 2279 3361 2262" 
                    HPOS="1802.0"
                    VPOS="2262.0"
                    WIDTH="1559.0"
                    HEIGHT="17.0">
            
	    <String CONTENT="d e quel vassal mas tolu la ꝯpaĩgníe"
                    HPOS="1802.0"
                    VPOS="2262.0"
                    WIDTH="1559.0"
                    HEIGHT="17.0"></String>
          </TextLine>

          
          
          <TextLine ID="eSc_line_ebcef14d"
                    TAGREFS="LT211"
                    BASELINE="1791 2403 3404 2376" 
                    HPOS="1791.0"
                    VPOS="2376.0"
                    WIDTH="1613.0"
                    HEIGHT="27.0">
            
	    <String CONTENT="p ar le champ broche lalfage de nubie"
                    HPOS="1791.0"
                    VPOS="2376.0"
                    WIDTH="1613.0"
                    HEIGHT="27.0"></String>
          </TextLine>

          
          
          <TextLine ID="eSc_line_7384c4d5"
                    TAGREFS="LT211"
                    BASELINE="1802 2533 3307 2506" 
                    HPOS="1802.0"
                    VPOS="2506.0"
                    WIDTH="1505.0"
                    HEIGHT="27.0">
            
	    <String CONTENT="u n sarazin q̃ dampne deu maldie"
                    HPOS="1802.0"
                    VPOS="2506.0"
                    WIDTH="1505.0"
                    HEIGHT="27.0"></String>
          </TextLine>

          
          
          <TextLine ID="eSc_line_868dbe90"
                    TAGREFS="LT211"
                    BASELINE="1839 2651 3036 2663" 
                    HPOS="1839.0"
                    VPOS="2651.0"
                    WIDTH="1197.0"
                    HEIGHT="12.0">
            
	    <String CONTENT="c usins fu a la bele alfamie"
                    HPOS="1839.0"
                    VPOS="2651.0"
                    WIDTH="1197.0"
                    HEIGHT="12.0"></String>
          </TextLine>

          
          
          <TextLine ID="eSc_line_9d508fbb"
                    TAGREFS="LT211"
                    BASELINE="1854 2794 3159 2786" 
                    HPOS="1854.0"
                    VPOS="2786.0"
                    WIDTH="1305.0"
                    HEIGHT="8.0">
            
	    <String CONTENT="h uí matin li promist druerie"
                    HPOS="1854.0"
                    VPOS="2786.0"
                    WIDTH="1305.0"
                    HEIGHT="8.0"></String>
          </TextLine>

          
          
          <TextLine ID="eSc_line_1ee38b7f"
                    TAGREFS="LT211"
                    BASELINE="1802 2912 3199 2890" 
                    HPOS="1802.0"
                    VPOS="2890.0"
                    WIDTH="1397.0"
                    HEIGHT="22.0">
            
	    <String CONTENT="e il ꝓmist colp de chevalerie"
                    HPOS="1802.0"
                    VPOS="2890.0"
                    WIDTH="1397.0"
                    HEIGHT="22.0"></String>
          </TextLine>

          
          
          <TextLine ID="eSc_line_57ab1881"
                    TAGREFS="LT211"
                    BASELINE="1797 3047 3421 3020" 
                    HPOS="1797.0"
                    VPOS="3020.0"
                    WIDTH="1624.0"
                    HEIGHT="27.0">
            
	    <String CONTENT="s i deu nen pense le fiz seinte marie"
                    HPOS="1797.0"
                    VPOS="3020.0"
                    WIDTH="1624.0"
                    HEIGHT="27.0"></String>
          </TextLine>

          
          
          <TextLine ID="eSc_line_909f1813"
                    TAGREFS="LT211"
                    BASELINE="1818 3166 2982 3145" 
                    HPOS="1818.0"
                    VPOS="3145.0"
                    WIDTH="1164.0"
                    HEIGHT="21.0">
            
	    <String CONTENT="i l lur fra ml̃t gͣnt estultie"
                    HPOS="1818.0"
                    VPOS="3145.0"
                    WIDTH="1164.0"
                    HEIGHT="21.0"></String>
          </TextLine>

          
          
          <TextLine ID="eSc_line_fa395e20"
                    TAGREFS="LT211"
                    BASELINE="1813 3285 3215 3258" 
                    HPOS="1813.0"
                    VPOS="3258.0"
                    WIDTH="1402.0"
                    HEIGHT="27.0">
            
	    <String CONTENT="f iert oliv͛ sur la bruíne sarzie"
                    HPOS="1813.0"
                    VPOS="3258.0"
                    WIDTH="1402.0"
                    HEIGHT="27.0"></String>
          </TextLine>

          
          
          <TextLine ID="eSc_line_7c164bbf"
                    TAGREFS="LT211"
                    BASELINE="1836 3379 3243 3406" 
                    HPOS="1836.0"
                    VPOS="3379.0"
                    WIDTH="1407.0"
                    HEIGHT="27.0">
            
	    <String CONTENT="f ort est lauberc qͥ li garda la víe"
                    HPOS="1836.0"
                    VPOS="3379.0"
                    WIDTH="1407.0"
                    HEIGHT="27.0"></String>
          </TextLine>

          
          
          <TextLine ID="eSc_line_686b5afd"
                    TAGREFS="LT211"
                    BASELINE="1829 3502 3220 3524" 
                    HPOS="1829.0"
                    VPOS="3502.0"
                    WIDTH="1391.0"
                    HEIGHT="22.0">
            
	    <String CONTENT="j us labati mes il nel nav͛a mie"
                    HPOS="1829.0"
                    VPOS="3502.0"
                    WIDTH="1391.0"
                    HEIGHT="22.0"></String>
          </TextLine>

          
          
          <TextLine ID="eSc_line_14376147"
                    TAGREFS="LT211"
                    BASELINE="1818 3626 3415 3643" 
                    HPOS="1818.0"
                    VPOS="3626.0"
                    WIDTH="1597.0"
                    HEIGHT="17.0">
            
	    <String CONTENT="l i quens relieve si salt sur pẽnepie"
                    HPOS="1818.0"
                    VPOS="3626.0"
                    WIDTH="1597.0"
                    HEIGHT="17.0"></String>
          </TextLine>

          
          
          <TextLine ID="eSc_line_8d590161"
                    TAGREFS="LT211"
                    BASELINE="1818 3762 3334 3762" 
                    HPOS="1818.0"
                    VPOS="3762.0"
                    WIDTH="1516.0"
                    HEIGHT="0.0">
            
	    <String CONTENT="l e bon destrier carmel de tabarie"
                    HPOS="1818.0"
                    VPOS="3762.0"
                    WIDTH="1516.0"
                    HEIGHT="0.0"></String>
          </TextLine>

          
          
          <TextLine ID="eSc_line_dde43a83"
                    TAGREFS="LT211"
                    BASELINE="1819 3885 3255 3917" 
                    HPOS="1819.0"
                    VPOS="3885.0"
                    WIDTH="1436.0"
                    HEIGHT="32.0">
            
	    <String CONTENT="a halte voiz sũ ꝯpaingnũ escrie"
                    HPOS="1819.0"
                    VPOS="3885.0"
                    WIDTH="1436.0"
                    HEIGHT="32.0"></String>
          </TextLine>

          
          
          <TextLine ID="eSc_line_bf11e13a"
                    TAGREFS="LT211"
                    BASELINE="1802 4011 3242 4027" 
                    HPOS="1802.0"
                    VPOS="4011.0"
                    WIDTH="1440.0"
                    HEIGHT="16.0">
            
	    <String CONTENT="s ire rollant ne v⁹ esmaez mie"
                    HPOS="1802.0"
                    VPOS="4011.0"
                    WIDTH="1440.0"
                    HEIGHT="16.0"></String>
          </TextLine>

          
          
          <TextLine ID="eSc_line_27b3c5a1"
                    TAGREFS="LT211"
                    BASELINE="1839 4151 3139 4169" 
                    HPOS="1839.0"
                    VPOS="4151.0"
                    WIDTH="1300.0"
                    HEIGHT="18.0">
            
	    <String CONTENT="j o v⁹ en ai la meie fei plevíe"
                    HPOS="1839.0"
                    VPOS="4151.0"
                    WIDTH="1300.0"
                    HEIGHT="18.0"></String>
          </TextLine>

          
          
          <TextLine ID="eSc_line_e007a434"
                    TAGREFS="LT211"
                    BASELINE="1849 4294 3253 4312" 
                    HPOS="1849.0"
                    VPOS="4294.0"
                    WIDTH="1404.0"
                    HEIGHT="18.0">
            
	    <String CONTENT="n e v⁹ faldrai tant cũ av͛ai la víe"
                    HPOS="1849.0"
                    VPOS="4294.0"
                    WIDTH="1404.0"
                    HEIGHT="18.0"></String>
          </TextLine>

          
          
          <TextLine ID="eSc_line_1180994e"
                    TAGREFS="LT211"
                    BASELINE="1840 4417 3193 4417" 
                    HPOS="1840.0"
                    VPOS="4417.0"
                    WIDTH="1353.0"
                    HEIGHT="0.0">
            
	    <String CONTENT="o re comẽce le bruít e la folie"
                    HPOS="1840.0"
                    VPOS="4417.0"
                    WIDTH="1353.0"
                    HEIGHT="0.0"></String>
          </TextLine>

          
          
          <TextLine ID="eSc_line_1e052442"
                    TAGREFS="LT211"
                    BASELINE="1845 4541 3139 4558" 
                    HPOS="1845.0"
                    VPOS="4541.0"
                    WIDTH="1294.0"
                    HEIGHT="17.0">
            
	    <String CONTENT="d e nos frãceis e de la paieníe"
                    HPOS="1845.0"
                    VPOS="4541.0"
                    WIDTH="1294.0"
                    HEIGHT="17.0"></String>
          </TextLine>

          
          
          <TextLine ID="eSc_line_4648cc0d"
                    TAGREFS="LT212"
                    BASELINE="1793 4819 2037 4815" 
                    HPOS="1791.0"
                    VPOS="4774.0"
                    WIDTH="244.0"
                    HEIGHT="92.0">
            <Shape><Polygon POINTS="1791 4817 1808 4779 2002 4774 2035 4812 2024 4866 1970 4866 1921 4828 1867 4850 1802 4839"/></Shape>
	    <String CONTENT="L"
                    HPOS="1791.0"
                    VPOS="4774.0"
                    WIDTH="244.0"
                    HEIGHT="92.0"></String>
          </TextLine>

          
          
          <TextLine ID="eSc_line_288fa90f"
                    TAGREFS="LT211"
                    BASELINE="2110 4679 3215 4660" 
                    HPOS="2110.0"
                    VPOS="4660.0"
                    WIDTH="1105.0"
                    HEIGHT="19.0">
            
	    <String CONTENT="i bon deneis haste de relev͛"
                    HPOS="2110.0"
                    VPOS="4660.0"
                    WIDTH="1105.0"
                    HEIGHT="19.0"></String>
          </TextLine>

          
          
          <TextLine ID="eSc_line_ad002656"
                    TAGREFS="LT211"
                    BASELINE="2084 4801 3551 4790" 
                    HPOS="2084.0"
                    VPOS="4790.0"
                    WIDTH="1467.0"
                    HEIGHT="11.0">
            
	    <String CONTENT="g ͣnt est la p͛sse ne pot el baí mõt͛"
                    HPOS="2084.0"
                    VPOS="4790.0"
                    WIDTH="1467.0"
                    HEIGHT="11.0"></String>
          </TextLine>

          
          
          <TextLine ID="eSc_line_58fb4723"
                    TAGREFS="LT211"
                    BASELINE="1845 4936 3329 4915" 
                    HPOS="1845.0"
                    VPOS="4915.0"
                    WIDTH="1484.0"
                    HEIGHT="21.0">
            
	    <String CONTENT="l ors comẽce lespee a reguarder"
                    HPOS="1845.0"
                    VPOS="4915.0"
                    WIDTH="1484.0"
                    HEIGHT="21.0"></String>
          </TextLine>

          
          
          <TextLine ID="eSc_line_cebb952b"
                    TAGREFS="LT211"
                    BASELINE="1882 5051 3193 5053" 
                    HPOS="1882.0"
                    VPOS="5051.0"
                    WIDTH="1311.0"
                    HEIGHT="2.0">
            
	    <String CONTENT="o i curteine tãt v⁹ poi amer"
                    HPOS="1882.0"
                    VPOS="5051.0"
                    WIDTH="1311.0"
                    HEIGHT="2.0"></String>
          </TextLine>

          
          
          <TextLine ID="eSc_line_2f4cf74b"
                    TAGREFS="LT211"
                    BASELINE="1851 5180 3453 5164" 
                    HPOS="1851.0"
                    VPOS="5164.0"
                    WIDTH="1602.0"
                    HEIGHT="16.0">
            
	    <String CONTENT="e n la curt charle v⁹ feissez a loer"
                    HPOS="1851.0"
                    VPOS="5164.0"
                    WIDTH="1602.0"
                    HEIGHT="16.0"></String>
          </TextLine>

          
          
          <TextLine ID="eSc_line_591b2cfb"
                    TAGREFS="LT211"
                    BASELINE="1856 5310 3334 5283" 
                    HPOS="1856.0"
                    VPOS="5283.0"
                    WIDTH="1478.0"
                    HEIGHT="27.0">
            
	    <String CONTENT="h uí estuv͛a mei e v⁹ deseverer"
                    HPOS="1856.0"
                    VPOS="5283.0"
                    WIDTH="1478.0"
                    HEIGHT="27.0"></String>
          </TextLine>

          
          
          <TextLine ID="eSc_line_66245fb3"
                    TAGREFS="LT211"
                    BASELINE="1840 5429 3442 5397" 
                    HPOS="1840.0"
                    VPOS="5397.0"
                    WIDTH="1602.0"
                    HEIGHT="32.0">
            
	    <String CONTENT="m es eínz q̃ muíre v⁹ voil esprover"
                    HPOS="1840.0"
                    VPOS="5397.0"
                    WIDTH="1602.0"
                    HEIGHT="32.0"></String>
          </TextLine>

          
          
          <TextLine ID="eSc_line_e0ac701b"
                    TAGREFS="LT211"
                    BASELINE="1851 5564 3448 5516" 
                    HPOS="1851.0"
                    VPOS="5516.0"
                    WIDTH="1597.0"
                    HEIGHT="48.0">
            
	    <String CONTENT="f iert un paen sur sun healme cler"
                    HPOS="1851.0"
                    VPOS="5516.0"
                    WIDTH="1597.0"
                    HEIGHT="48.0"></String>
          </TextLine>

          
        </TextBlock>
        

        
      </PrintSpace>
    </Page>
  </Layout>
</alto>
