4872 6496
1397.0 349.0 1558.0 41.0 v oilie u ne voille a t͛re le descẽt

1412.0 465.0 1572.0 28.0 g aite escrie kil ne porte le guant

1697.0 605.0 1261.0 31.0 ngeler est en la p͛sse entrez

1418.0 595.0 173.0 173.0 E

1706.0 740.0 1255.0 16.0 s is bons escuz li est del col volez

1394.0 857.0 1482.0 25.0 m ien escient il fust bien remũtez

1426.0 977.0 1548.0 16.0 q ͣnt talot broche un turc desmesurez

1410.0 1097.0 1580.0 25.0 m ort at mil hũmes puis qͥl fu adubez

1416.0 1210.0 1608.0 25.0 o d seisante altres est sur li arestez

1394.0 1349.0 1621.0 19.0 l ancẽt les lances les gros darz ẽpẽnez

1404.0 1462.0 1182.0 29.0 e gavelocs e fausarz qͣrrez

1401.0 1585.0 1434.0 29.0 Ml̃t malemẽt fu le jur debutez

1391.0 1718.0 1589.0 19.0 s is haubercs fu en trẽte lius nafrez

1413.0 1841.0 1482.0 28.0 n est pas m͛veille sil est ml̃t blescez

1404.0 1964.0 1627.0 44.0 m ais il na plaie dũt il se sent ẽꝯbrez

1342.0 2100.0 1542.0 11.0 s i a cheval puisse estre muntez

1369.0 2214.0 1603.0 19.0 s is branz dascer iert as turcs pͥvez

1380.0 2333.0 1646.0 26.0 t els sũt seíns kil trẽchera les chiefs

1380.0 2463.0 1548.0 19.0 a recusse víent puingnãt ysorez

1395.0 2590.0 1557.0 32.0 g altier de huns e davi li mẽbrez

1420.0 2707.0 1566.0 42.0 g irard dorliens e hertald li barbez

1380.0 2847.0 1516.0 22.0 d e bien ferir sest chascũ ap͛stez

1374.0 2971.0 1587.0 27.0 m ũjoie escrient si les ont reculez

1380.0 3096.0 1516.0 43.0 s i kengelers est el bai mũtez

1380.0 3226.0 1596.0 59.0 g ͣnz colps se donent ẽ ces escuz listez

1391.0 3356.0 1515.0 11.0 e nsẽble justent talot e ysorez

1392.0 3478.0 1590.0 21.0 l es eis depiecẽt si ont les quirs ꝑcez

1381.0 3618.0 1577.0 11.0 l es fers se plient sur ces halbers safrez

1364.0 3746.0 1559.0 0.0 n es pot tenir sele nestríu dorrez

1378.0 3867.0 1544.0 3.0 p eitrel ne cẽgle ne freín dargẽtez

1358.0 4000.0 1581.0 5.0 t ut li plus fort est a t͛re v͛sez

1380.0 4130.0 1462.0 5.0 t alot relieve si salt sus ysorez

1353.0 4260.0 1552.0 25.0 m ettent lur mains as espees delez

1353.0 4395.0 1515.0 13.0 l ascer luist des bͣnz qͥl unt levez

1364.0 4525.0 1693.0 13.0 f orment se fierẽt sur ces healmes gẽmez

1369.0 4650.0 1599.0 20.0 j a feust le champ de quei q̃ fust finez

1381.0 4778.0 1468.0 7.0 n e fust la p͛sse q̃ lur a desturbez

1406.0 4914.0 1555.0 11.0 g altier de huns a armagot sest j⁹tez

1363.0 5037.0 1552.0 14.0 m ort labati lalme enportẽt mals fez

1342.0 5158.0 1532.0 17.0 f rãceis ifierent as bons bͣnz acerez

1342.0 5283.0 1516.0 22.0 t rẽchẽt espalles eschines e costez

1356.0 5408.0 1353.0 39.0 d ambes parz i trebuchent assez

1372.0 5548.0 1569.0 32.0 l i plus delivre en est trestut ẽꝯbrez

3084.0 362.0 1444.0 92.0 d e sãc v͛mail en est tuschie li prez

3063.0 611.0 195.0 49.0 A

3237.0 487.0 1434.0 75.0 repairer broche un turc de floriẽt

3343.0 624.0 1201.0 60.0 d une cíte dela índe la grant

3100.0 750.0 1510.0 72.0 v ínt a clarel par la reidne le prent

3091.0 870.0 1488.0 66.0 s ire fait il par v⁹ ne faisum níent

3072.0 983.0 1299.0 47.0 c o dist ja avrez mun talent

3084.0 1122.0 1463.0 38.0 s elunc les eves neleissent níent

3097.0 1229.0 1406.0 54.0 e nvers les noz vont espurunãt

3084.0 1343.0 1463.0 69.0 c larel sescrie sẽseíníe naímant

3084.0 1497.0 1161.0 28.0 a rapater la sue floriant

3094.0 1614.0 1463.0 53.0 a ces enseinies vienent mor e ꝑsant

3094.0 1740.0 1239.0 31.0 e arabiz tuit bien treska cent

3097.0 1856.0 1400.0 57.0 c elui ní a nen ait gunfanũ gent

3109.0 1992.0 1429.0 38.0 u arc t᷑keis u gaveloc trẽchant

3015.0 2111.0 1526.0 27.0 f ranceis reculent bien demí arpẽt

3081.0 2219.0 1378.0 32.0 l i reis justa a droun lalemant

3100.0 2361.0 1460.0 28.0 l escu li brise suz la bucle dargẽt

3085.0 2490.0 1387.0 25.0 l escu li false li clavel en estent

3082.0 2611.0 1324.0 31.0 e l cors li met sun espe trẽchãt

3094.0 2732.0 1510.0 45.0 e ntre les francs labati mort sãcglent

3020.0 2863.0 1435.0 22.0 a rapat͛ tient lespee trẽchant

3020.0 2998.0 1575.0 11.0 g irard dorliens ẽ fiert tãt egremẽt

3031.0 3123.0 1407.0 16.0 k e la c͛vele e les oilz li espant

3080.0 3278.0 1535.0 14.0 q ͣnt il lat mort si sen veit gualopãt

3020.0 3367.0 1467.0 32.0 m es otinel li est venuz devant

3091.0 3499.0 1397.0 32.0 s espee treite sun escu portant

3066.0 3618.0 1380.0 28.0 a rapat͛ curt vers li auferant

3020.0 3740.0 1554.0 27.0 f erir le veit par mut gͣnt hardemẽt

3042.0 3867.0 1408.0 28.0 s i ke lescu e le healme li fent

2977.0 4005.0 1564.0 22.0 d ur sũt li quir ne pot ester níent

3004.0 4135.0 1608.0 22.0 m es la gͣnt targe treskas armes prent

3056.0 4273.0 1517.0 32.0 c o mest avis ja feist tut sun talent

3049.0 4399.0 1341.0 32.0 q ͣnt li brise sespee en estraant

3115.0 4529.0 1272.0 42.0 o tinel le fiert abandunement

3073.0 4673.0 1450.0 17.0 p ar tel v͛tu ke deskal qͦr li fent

3052.0 4778.0 1447.0 31.0 l i cors jet jus a diables le comãt

3070.0 4914.0 1348.0 42.0 p uís si a dit n⁹ esteium parent

3052.0 5034.0 1429.0 28.0 p ur tel servise tel guerdũ te rent

2988.0 5158.0 1331.0 33.0 l i reis clarel est al t᷑neiemẽt

2988.0 5278.0 1624.0 32.0 d e tutes parz veit tresbucher sa gẽt

3003.0 5415.0 1510.0 1.0 m urir e braire e occire a turmẽt

3020.0 5541.0 1391.0 23.0 e ntre frãceis sesleisse irrement

4146.0 6182.0 569.0 21.0 a ceste puínt
