4872 6496
227.0 433.0 1575.0 32.0 k e tut le fent si a les quírs severez

221.0 557.0 1554.0 33.0 d el bon halberc at les pleiz descloez

227.0 692.0 1413.0 22.0 p ar mi la quisse est li darz volez

216.0 812.0 1391.0 27.0 t roiaas le fiert cũ vassal adurez

211.0 931.0 1499.0 27.0 n el pot garir escu nauberc saffrez

211.0 1061.0 1591.0 32.0 l i fer de la hanste li est el cors entrez

205.0 1190.0 1283.0 22.0 m ort labati si est ultre passez

194.0 1299.0 1419.0 21.0 m eis al travers la feru corsabrez

184.0 1412.0 1548.0 38.0 s uz la mãmele e par mi les costez

194.0 1531.0 1467.0 38.0 l i a les pleiz del gunfanun butez

194.0 1667.0 1494.0 21.0 l e quor li fent le vassal est versez

189.0 1786.0 1435.0 22.0 d eus en ait lalme a la fín est alez

194.0 1916.0 1375.0 21.0 l i qͦns eleíns víent tut effreez

194.0 2024.0 1723.0 33.0 f orment le pleínt kar de sa soer esteit nez

205.0 2143.0 1489.0 27.0 j a le vengast bien del rei corsabrez

194.0 2262.0 1467.0 22.0 m es a la traverse est venu barbez

189.0 2392.0 1407.0 16.0 l i qͦns eleíns sest a luí turnez

189.0 2526.0 1603.0 2.0 b randist sa lance dũt le fer est qͣrrez

189.0 2636.0 1440.0 16.0 l escu li perce kest entur listez

173.0 2755.0 1256.0 11.0 a riches pieres e a or neelez

178.0 2879.0 1532.0 11.0 m ort le tresturne si li dist ore tenez

173.0 3004.0 1478.0 11.0 m ielz v⁹ venist kariere ussez estez

173.0 3139.0 1396.0 11.0 b eils est li jurs si est mult passez

179.0 3258.0 1450.0 19.0 d e la pudrere en est li airs trublez

208.0 3341.0 1463.0 72.0 p aiens caplissent si est li olz mũtez

206.0 3465.0 1554.0 64.0 c ornent e crient si funt gͣnt taburez

193.0 3606.0 1663.0 51.0 j e ken diraí les noz ont fort quassez

180.0 3727.0 1606.0 45.0 p lus dun arpent les noz ont si menez

178.0 3859.0 1592.0 33.0 k unq̃s ní out halberc nescu t᷑nez

180.0 3996.0 1676.0 45.0 l ambert dav͛enches i est a mort lív͛ez

173.0 4119.0 1678.0 33.0 e raul de bleíves de dous parz enpẽnez

173.0 4254.0 1629.0 22.0 n e vívera gueres kar il en est pasmez

173.0 4373.0 1553.0 33.0 g uí de custances i a le chief colpez

173.0 4509.0 1559.0 21.0 t ebald de rues e des altres assez

213.0 4644.0 1438.0 24.0 j a cist damage neniert restorez

178.0 4763.0 1326.0 27.0 u ns esquiers qͥ a nun amirez

200.0 4888.0 1386.0 27.0 v avassur est si est de paris nez

205.0 5023.0 1359.0 16.0 f iz a droun li riche des fossez

205.0 5148.0 1343.0 27.0 c ent damisals a od sei a j́ustez

225.0 5294.0 1612.0 13.0 t ut li plus víel na ke vínt anz passez

251.0 5435.0 1656.0 6.0 a rmes ont prises des morz qͥl ont trovez

249.0 5537.0 1591.0 17.0 d e lur bliauz unt gunfanũs lievez

1900.0 438.0 1526.0 16.0 v eíent les noz venir tut effreez

1905.0 562.0 1462.0 11.0 p assent avant sis ont returnez

1920.0 692.0 1533.0 6.0 p ar gͣnt efforz ont paiens reculez

1916.0 817.0 1467.0 11.0 q uatre arpenz de terre mesurez

1916.0 931.0 1256.0 16.0 d es abatuz e desacervelez

1916.0 1066.0 1472.0 0.0 e st tut li champ plein e ẽꝯbrez

1916.0 1174.0 1521.0 16.0 l ez un parei sa resteit corsabrez

1878.0 1293.0 1548.0 17.0 s enseinie escrie paien a mei estez

1889.0 1407.0 1526.0 11.0 l escu enbrace vers les noz est alez

1905.0 1526.0 1505.0 16.0 p ar gͣnt v͛tu est as estrius fermez

1910.0 1634.0 1538.0 38.0 j a eust les noz granmẽt desturbez

1894.0 1764.0 1359.0 22.0 q ͣnt en lescu la feru amírez

1900.0 1878.0 1699.0 38.0 p ar teu v͛tu ken sun frũt lat entez

2029.0 2020.0 1566.0 6.0 d esuz le halme a lun des oilz quassez

1889.0 2127.0 1364.0 16.0 l i paien est del colp espontez

1900.0 2251.0 1499.0 11.0 n en a sucurs tut est abandunez

1889.0 2381.0 1326.0 11.0 i gnelemẽt le saisist amirez

1920.0 2519.0 1548.0 6.0 t reis bons vassals a lemfes apelez

1883.0 2630.0 1527.0 11.0 c o est galdín e fauchet li hastez

1883.0 2744.0 1408.0 16.0 e daigremũt baldewín lafiez

1883.0 2869.0 1500.0 27.0 f ranc esqͥer icest rei me pernez

1889.0 2988.0 1499.0 32.0 g ardez ní mure ne ne seit afolez

1867.0 3107.0 1705.0 38.0 a charlemeine mũ seĩgnur le rendez

1932.0 3231.0 1391.0 6.0 e de ma part mult bel le p͛sentez

1913.0 3318.0 1452.0 45.0 e cil respunent si cũ v⁹ comandez

1907.0 3452.0 1509.0 39.0 Ml̃t j́ustent biẽ les noz as atropez

1913.0 3587.0 1299.0 25.0 d esore est li t᷑nei tut mellez

1882.0 3727.0 1483.0 13.0 p ar le sucurs des novels adubez

1862.0 3848.0 1423.0 11.0 c ent i sũt ja des abatuz muntez

1945.0 3989.0 1484.0 26.0 k e puis i ferent des bons bͣnz ascerez

1945.0 4117.0 1324.0 26.0 h ue denevers est a podras t᷑nez

1926.0 4252.0 1382.0 44.0 c est un paien fier e desmesurez

1862.0 4373.0 1472.0 17.0 d e feluns est trestut si parentez

1856.0 4503.0 1435.0 17.0 m es kas dames est li fel acuntez

1873.0 4639.0 1483.0 21.0 d es puceles fu pleint e regretez

1883.0 4769.0 1402.0 16.0 e n la cite fu gͣnt doel demenez

1883.0 4904.0 1348.0 0.0 a ssez a uí nos frãceis ẽpeirez

1894.0 5023.0 1483.0 27.0 h ues les fiert cũ vassal espruvez

1889.0 5148.0 1445.0 32.0 a mũt el healme q̃ fu a or bendez

1945.0 5288.0 1446.0 57.0 d eskas espalles li est li branz alez

2003.0 5428.0 1420.0 32.0 l i cors chiet j⁹ ci faillẽt ses buntez

1910.0 5537.0 1386.0 17.0 m allo escrie les bretuns at᷑nez

3789.0 406.0 227.0 81.0 221
