4872 6496
221 308 1576 168 k e tut le fent si a les quírs severez

216 454 1554 163 d el bon halberc at les pleiz descloez

221 590 1413 146 p ar mi la quisse est li darz volez

211 714 1391 152 t roiaas le fiert cũ vassal adurez

205 839 1500 157 n el pot garir escu nauberc saffrez

205 958 1592 162 l i fer de la hanste li est el cors entrez

200 1093 1283 146 m ort labati si est ultre passez

189 1207 1418 124 m eis al travers la feru corsabrez

178 1315 1548 152 s uz la mãmele e par mi les costez

189 1445 1467 146 l i a les pleiz del gunfanun butez

189 1564 1494 135 l e quor li fent le vassal est versez

184 1688 1440 130 d eus en ait lalme a la fín est alez

189 1808 1375 157 l i qͦns eleíns víent tut effreez

189 1927 1813 162 f orment le pleínt kar de sa soer esteit nez

200 2057 1488 146 j a le vengast bien del rei corsabrez

189 2165 1467 135 m es a la traverse est venu barbez

184 2284 1407 141 l i qͦns eleíns sest a luí turnez

184 2419 1607 141 b randist sa lance dũt le fer est qͣrrez

184 2538 1440 147 l escu li perce kest entur listez

167 2663 1256 141 a riches pieres e a or neelez

173 2787 1532 125 m ort le tresturne si li dist ore tenez

167 2906 1478 147 m ielz v⁹ venist kariere ussez estez

167 3036 1397 152 b eils est li jurs si est mult passez

178 3166 1446 141 d e la pudrere en est li airs trublez

205 3248 1462 194 p aiens caplissent si est li olz mũtez

205 3356 1554 184 c ornent e crient si funt gͣnt taburez

189 3486 1662 184 j e ken diraí les noz ont fort quassez

178 3626 1602 168 p lus dun arpent les noz ont si menez

173 3746 1591 167 k unq̃s ní out halberc nescu t᷑nez

178 3875 1673 185 l ambert dav͛enches i est a mort lív͛ez

167 4011 1678 162 e raul de bleíves de dous parz enpẽnez

167 4146 1630 152 n e vívera gueres kar il en est pasmez

167 4260 1554 162 g uí de custances i a le chief colpez

167 4401 1559 151 t ebald de rues e des altres assez

211 4520 1434 157 j a cist damage neniert restorez

173 4660 1326 152 u ns esquiers qͥ a nun amirez

194 4779 1386 157 v avassur est si est de paris nez

200 4909 1359 147 f iz a droun li riche des fossez

200 5045 1342 157 c ent damisals a od sei a j́ustez

221 5175 1614 162 t ut li plus víel na ke vínt anz passez

249 5310 1705 146 a rmes ont prises des morz qͥl ont trovez

243 5440 1592 157 d e lur bliauz unt gunfanũs lievez

1894 313 1527 168 v eíent les noz venir tut effreez

1900 465 1461 146 p assent avant sis ont returnez

1916 595 1532 135 p ar gͣnt efforz ont paiens reculez

1910 719 1467 136 q uatre arpenz de terre mesurez

1910 839 1256 140 d es abatuz e desacervelez

1910 963 1473 141 e st tut li champ plein e ẽꝯbrez

1910 1093 1522 119 l ez un parei sa resteit corsabrez

1873 1207 1548 119 s enseinie escrie paien a mei estez

1883 1315 1527 130 l escu enbrace vers les noz est alez

1900 1429 1504 140 p ar gͣnt v͛tu est as estrius fermez

1905 1542 1537 157 j a eust les noz granmẽt desturbez

1889 1667 1359 141 q ͣnt en lescu la feru amírez

1894 1780 1700 157 p ar teu v͛tu ken sun frũt lat entez

2024 1916 1570 141 d esuz le halme a lun des oilz quassez

1883 2035 1365 130 l i paien est del colp espontez

1894 2159 1500 125 n en a sucurs tut est abandunez

1883 2279 1327 140 i gnelemẽt le saisist amirez

1916 2408 1548 136 t reis bons vassals a lemfes apelez

1878 2522 1526 146 c o est galdín e fauchet li hastez

1878 2652 1407 152 e daigremũt baldewín lafiez

1878 2766 1499 168 f ranc esqͥer icest rei me pernez

1883 2890 1500 152 g ardez ní mure ne ne seit afolez

1862 3004 1705 184 a charlemeine mũ seĩgnur le rendez

1927 3145 1391 189 e de ma part mult bel le p͛sentez

1910 3231 1457 136 e cil respunent si cũ v⁹ comandez

1905 3340 1510 167 Ml̃t j́ustent biẽ les noz as atropez

1910 3464 1300 152 d esore est li t᷑nei tut mellez

1878 3605 1483 151 p ar le sucurs des novels adubez

1856 3746 1424 146 c ent i sũt ja des abatuz muntez

1943 3875 1483 157 k e puis i ferent des bons bͣnz ascerez

1943 4005 1321 157 h ue denevers est a podras t᷑nez

1921 4141 1386 157 c est un paien fier e desmesurez

1856 4265 1473 157 d e feluns est trestut si parentez

1851 4401 1434 157 m es kas dames est li fel acuntez

1867 4536 1483 151 d es puceles fu pleint e regretez

1878 4660 1402 152 e n la cite fu gͣnt doel demenez

1878 4796 1348 140 a ssez a uí nos frãceis ẽpeirez

1889 4909 1483 174 h ues les fiert cũ vassal espruvez

1883 5045 1446 162 a mũt el healme q̃ fu a or bendez

1943 5153 1445 189 d eskas espalles li est li branz alez

2002 5305 1419 151 l i cors chiet j⁹ ci faillẽt ses buntez

1905 5434 1386 174 m allo escrie les bretuns at᷑nez

3783 254 233 276 221
