2574 3828
597 382 734 109 un p̾mier pere ⁊ une p̾mie

594 459 724 102 re mere. Cest a sauoir adã

600 535 744 96 ⁊ eue. donques nous sõmes

597 602 731 106 touz nobles ou nous ne sõ

600 679 709 102 mes pas nobles. Len ne

597 756 741 105 list pas que diex ait fait .i.

600 829 760 105 hõme dargent de quoi il fus

597 915 744 89 sẽt nobles. et un autre de

603 988 728 109 boe de quoy il fussẽt noiẽt

603 1068 725 102 nobles. Mais .i. seul le

606 1145 722 102 quel il forma du lymõ de

606 1224 741 103 la terre. Malach̾ .ii. Nest .i.

606 1301 725 108 pere pere de nous touz. Au

609 1378 722 108 gus. Entendons adam et

606 1451 728 96 eue ⁊ nous sõmes touz fre

616 1528 715 98 res. ꝑ dessus dune racine

616 1598 718 99 issent la uil chose ⁊ la no

613 1674 718 106 ble. Et dune racine issẽt

613 1754 721 89 la fleur de la farine et le

616 1824 709 105 bren. Toute uoies le brẽ

616 1901 738 108 est le plus uil de quoy les

613 1984 744 105 pors sont soustenuz. De la

609 2060 732 96 fleur de la farine est fait

606 2134 732 118 le noble pain de quoy sõt

606 2220 754 99 peuz les roys ⁊ les contes.

571 2284 783 118 ⁋Itẽ dune racine naissẽt

603 2370 725 102 lespine ⁊ la rose. La rose

606 2446 719 90 est creature noble ⁊ bien

606 2500 744 115 faisãt a cil qui iouste elle

606 2593 719 96 sõt. qrͣ elle espant odeur

609 2670 700 102 agreable de ca et de la.

609 2749 713 137 Et lespine est uile ⁊ poi

1290 191 309 147 premier

1510 395 747 83 gnant a cil qui iouste elle

1513 462 725 93 est. Aussi est il que de uu

1510 529 773 96 meismes pere pueẽt naistre

1516 609 748 89 .ii. des quiex lun est noble

1513 679 725 99 ⁊ lautre nest mie noble.

1516 752 761 96 Lun sera bñ faisant a ses

1523 832 754 105 uoisins a la maniere de la

1526 909 754 105 rose. et ycelui sera noble.

1529 992 744 98 Et lautre ne cessera de poĩ

1523 1071 744 102 dre ses uoisins a la man̾e

1529 1138 754 106 de lespine. et cestui sera noi

1526 1221 763 93 ent noble. et est a enuoier

1526 1301 786 89 ou feu denfer aussi ꝯme les

1526 1378 741 89 pine. Dũ meismes arbre

1529 1454 786 89 naissẽt .ii. põmes. une saine

1532 1521 776 93 ⁊ autre pourrie. Ou celi qui

1532 1598 773 105 a blasme naisse dũ meisme

1539 1681 747 92 iugem̃t et bon ⁊ mal. Se

1532 1748 748 105 noble chose estoit quicõq̃s

1526 1824 751 105 chose qui est de noble les

1529 1904 770 105 poouz ⁊ les autres s̾rfluitez

1529 1987 773 99 qui sont engendrees des no

1526 2063 776 96 bles seroient nobles. Que

1529 2140 738 99 hõme ne soit pas noble

1532 2213 719 102 po᷑ ce q̃ il ait naissãce de

1532 2299 738 96 nobles les phͥophes lõt

1526 2363 776 106 demonstre. sap̃. Nulz hõs

1529 2443 754 96 nest plus noble de autre

1529 2513 786 102 fors celui qui a plus noble

1529 2593 748 108 engin ⁊ plus conuenable

1529 2670 786 102 a bons ars ⁋Item nobles

1523 2749 741 128 ce nest autre chose que ri
