2535 3735
320 373 763 109 ble que ce soit seignourie cõ

317 445 738 105 me ce soit miex sougiection.

320 526 726 99 hõme puet bñ auoir office

320 588 760 118 en tiex choses. mais la seig᷑ie

317 684 732 97 dicelui est uraie qui dit. Ie

320 750 741 105 sui seigneur. ie sui seigneur.

320 834 748 105 Et cest en leuitique ou .xix.

314 911 757 106 .c. Et celui est seigneur a qui

317 983 738 121 leglise dit. Tu es seul seig᷑.

317 1070 766 97 Et auguste cesar ꝯme il fust

317 1145 751 109 ꝑ dessus tout le mõde deffen

317 1223 751 109 di que nul ne le appelast sei

320 1297 735 103 gneur. Les orgueilleus po

320 1378 726 97 sez en la dignite terrienne

320 1453 732 97 hors la pesme seruitute au

323 1531 729 90 dyable ⁊ de ses uices en la

317 1593 729 115 quelle il sont ẜuent as ui

317 1671 766 103 ces as quiex il sont ueuz sei

320 1749 741 115 gnourier et as quiex il sont

320 1830 729 90 tenuz pͣoueoir. Et qnͣt a ce

323 1904 723 97 il sont moins frans q̃ ceꝰ

320 1976 748 96 qui ont a ẜuir a m łt. Ceste

326 2048 732 108 poeste de honneurs est ueue

326 2128 720 103 estre despisable Ia soit ce q̃

326 2203 729 109 elle soit desirable qrͣ len y

330 2281 728 106 entre ꝑ repreuue de pechie.

333 2359 728 112 et la dignite la quelle re

333 2437 710 99 prouche de ẜuitute de m łt

333 2511 713 94 acompaigne par la quelle

326 2580 723 96 aucune a office en icelles

342 2658 701 109 diex ne oeuure pas de son

330 2732 725 137 cuer mais en torm̃t de pai

1233 149 180 128 liure

1236 379 682 87 nes. cest entraenes. cest a

1236 441 704 103 dire es lamẽtacions. Il ne

1239 519 698 100 se humilia pas de son cuer.

1236 594 688 100 et il geta hors les filz des

1236 678 694 100 hõmes. Uilz ꝑsonnes sont

1239 753 698 93 reputees qui ensuient les

1242 815 698 118 sentẽces des iuges ou il cõ

1239 905 744 100 uient paine si ꝯme en esmoi

1236 983 697 112 gnoimant les hõmes ou

1239 1048 701 112 en pendãt les ou en punis

1242 1129 698 106 sant en autre man̾e ¶Ce

1236 1201 722 121 ste poeste a m łt de ꝑilz. De

1242 1297 716 97 ce dit augꝰ. De combñ au

1242 1372 701 90 cun est mis en lieu plus

1236 1444 701 99 souuerain de tant sont il

1236 1518 704 97 tornez en greigneur peril.

1239 1587 710 103 Celui qui a ceste poeste si

1236 1671 710 90 doit craindre de toutes ꝑs

1236 1733 729 115 les dyables qui la hautes

1236 1820 719 87 ce celestiennes ꝑdurent ont

1242 1883 710 105 grant enuie de ceulz qͥ sõt

1242 1970 704 106 mis en terriẽne hautesce.

1242 2044 691 103 Et a ceulz pͥncipaum̃t se

1239 2113 704 109 ꝯbatẽt il reputanz plꝰ hõ

1242 2197 698 103 norables choses a leur eꝰ

1242 2269 729 93 si les sousmetoiẽt q̃ aut̾s

1239 2343 732 109 sachãs q̃ iceulz sousmis po᷑

1242 2421 713 100 ront seignourier a plusẜs

1239 2496 722 99 si ꝯme eu ost mener les a

1239 2570 698 94 nemis uoiables et pren

1242 2648 719 94 dre les ꝯpaignies ⁊ ocirre

1239 2723 701 131 les pour ce que lost pas

2005 180 75 146 4
