2519 3769
314 402 706 100 a ceulz qui le requierent

273 471 772 119 ¶ La quinte si est ce que nr̃e

310 546 726 104 bonte si est de grant ualeur

310 621 726 113 cõme hõme uaille miex de

310 697 767 113 tout le monde. la bõte ⟦uaille⟧

304 769 741 107 dicelui doit miex ualoir de

307 848 726 103 la bonte de tout le monde.

307 923 754 107 Cest celle qui meismem̃t res

304 1001 738 110 semble a dieu. Par la com

307 1074 745 116 ꝑoison diceste bonte ces aut̾s

307 1158 745 107 choses ne sont noiẽt repute

307 1224 738 120 es. Señ. .I. hõme napꝑtiẽt

307 1303 767 107 riens de quans hõmes il soit

307 1388 735 94 saluez ne en combñ p̾cieus

314 1454 760 113 lit il couche. ne combñ il boi

310 1535 761 110 ue de boire cler ⁊ luisable ne

310 1617 729 94 mais q̃ il soit bon ¶La.

304 1686 741 101 .ui. si est que de la bonte de

317 1762 750 97 hõme depent la bonte des cho

314 1837 753 100 ses. se hõme ne soit bõ uraie

314 1906 747 107 mẽt les oeuures de celui ne

310 1991 757 97 sont pas bonnes. mais sem

310 2066 748 91 blãces de bñs. Sap̃. Enu̾s

314 2138 753 98 les sages sõt choses honnes

317 2214 728 103 tes. en enũs le comu̾ du

314 2289 713 101 pueple semblãce de choses

314 2368 750 94 honnestes. Plus uaut une

310 2437 751 103 oeuure dũ hõme iuste que

310 2512 764 94 ĩfenies oeuures du pecheur.

310 2588 751 103 Cap̃. Du iour dõmes ensei

310 2672 764 98 gniez uaut plus que le tres

296 2748 765 122 lonc aage du noiẽt sage.

1215 191 210 113 liure

1231 380 710 109 Les bũs temporeꝰ sont

1240 467 713 88 mauuais ⁊ inusables au

1234 533 691 110 pecheur. Ce est fait ꝑ le

1237 628 729 88 iuste iugem̃t de dieu. ꝯme

1234 697 729 94 aucun est mauuais a nr̃e

1234 772 710 98 seign᷑ que les choses sont

1234 844 710 101 mauuaises a celi as q̃lles

1234 920 707 97 il seignourie et sõt aussi

1243 995 716 98 ꝯme uenganz leur create᷑.

1215 1077 738 100 Sap̃. Nulle chose nest si

1234 1149 722 110 bonne a hõme ꝯme li meis

1240 1234 697 91 mes. ecc̃ .xiii. Bonne est

1234 1303 713 100 la sustance puis que le pe

1240 1385 716 88 chie nest pas en la ꝯsciẽce.

1240 1457 723 94 Aussi ꝯme le sanc nest pas

1240 1535 710 91 bon au corps ou il a mate

1240 1608 741 94 re de enf̾mete. Aussi nest pas

1240 1677 710 97 peccune bonne a hõme qui

1243 1752 704 97 li est matiere de pechie.

1243 1827 698 107 ¶ Le .uii. est que se hõme

1240 1897 701 116 ne soit bon il est plus uil

1234 1978 710 107 de ces autres creatures ue

1237 2057 713 94 ables. et en tel man̾e se il

1237 2132 682 101 est fait mauuais il est

1234 2208 732 106 plus chaitif dicelles que le

1237 2280 697 97 mauuais nait mie tant

1234 2358 707 98 seulem̃t malice de paine

1234 2427 694 104 mais de blasme et si est

1234 2509 732 104 detour de mort tẽporel et de

1231 2581 722 113 ꝑdurable de quoy il est de

1234 2663 710 107 pire ꝯdicion de ẜpens ⁊ de

1234 2735 703 132 crapoz. Semblable chose

2035 204 85 91 10
