2574 3860
617 373 715 106 ensiuante domageuse. elle

617 453 721 103 est de gnͣt fais en tel man̾e

617 521 753 109 q̃ gnͣs contes ⁊ gnͣs eueschiez

617 604 711 100 ne souffisẽt pas a paier le

617 678 769 103 cens de quoy elle est charchie

614 759 740 90 e ⁊ a faire les despens q̃ elle

614 826 750 113 requiert. Ains oultre les rẽ

614 903 734 116 tes q̃ aucũs nobles õt il

614 990 747 97 escouuiẽt si ꝯme aucuns re

614 1064 727 103 cognoissẽt q̃ il sobligent

620 1148 724 100 au dyable et que il enga

617 1225 718 97 gent le royaume des ciex

614 1299 721 97 pour ce q̃ il puisse port̾ le

611 1370 740 103 fais de noblesce. Le profit

614 1450 747 94 de ceste noblesce est refrena

617 1527 747 100 ciõ de maus. I̾oꝰ. Nulle au

617 1605 744 93 tre chose ie ne uoi a estre re

617 1669 744 109 quise en noblesce fors q̃ les

614 1756 730 96 nobles sont estrainz dune

624 1830 720 103 necessite q̃ il ne forlignẽt

624 1907 733 90 de la ꝓesce de leur anciens.

620 1978 760 99 sap̾. A ce soies rem̃brable de

611 2058 743 110 ꝓesce que tu estimes o la:

624 2148 737 90 clarte de ton linage ⁊ o la

620 2222 757 97 saintee de meurs. et te ꝑfa

620 2299 737 100 ces o noblete de corps et o

624 2373 775 94 noblete de courage. Nobles

620 2444 741 100 ce a ensiuante domageuse.

620 2528 731 100 q̃ selõc la ꝑole du sage. le

627 2608 724 97 cõmũ mal de noblesce est

620 2676 747 116 orgueil lequel m łt de maꝰ

620 2759 728 148 ensiuẽt. Cest la racine des

1335 144 318 151 premier

1528 373 756 90 uices de quoy elle ne ua pas

1528 453 733 97 seule. ainz lacompaignent

1534 527 763 103 m łt de maus. ecc̾ .x. Orgueil

1528 604 737 100 est ꝯm̃cem̃t de touz pechiez.

1534 685 734 96 qui la tendra il sera empli

1534 755 383 107 de mandissõs.

1946 752 306 97 De uraie no

1692 826 238 103 Raie no

1933 836 296 96 blesce .u.

1502 814 196 202 U

1705 903 566 107 blesce de courage est

1544 990 721 100 selonc ce . Alex̾. Seule no

1537 1064 728 110 bilite est qui aorne le cora

1537 1148 737 103 ge de meurs et ceste est dou

1537 1219 747 103 ble. Lune est naturel de qͦi

1541 1299 727 103 le sage dit. Quel chose est

1541 1379 736 94 noble a uertu celui qui est

1544 1453 743 87 ꝯpost de bõne nature. Item

1544 1527 730 100 nul nest plus noble de lau

1541 1605 736 90 tre fors celui qui a droit en

1544 1685 772 116 gin. et qui plus conuenable

1541 1753 762 103 est a bons ars ¶ Lautre est

1544 1833 746 109 agreable qui fait les filz de

1547 1917 724 96 dieu estre hoirs de dieu

1531 1978 740 112 ¶ A uraie nobilite de prĩce

1547 2058 766 106 aꝑtient q̃ il soit sanz uilẽnie

1544 2145 750 106 ⁊ sanz honteus ẜuitute. ⁊ ne

1541 2225 743 100 se sueffre estre seurmõte de

1544 2303 730 99 nulle uilẽnie. et que il ait

1544 2380 743 100 encontre cuer toute laideur.

1550 2457 724 103 et se ꝯforme au largisseur

1547 2528 759 103 de touz bñs, il doĩgne uolen

1550 2608 737 100 tiers ⁊ franchem̃t de ses bi

1554 2685 730 107 ẽs. il soit piteable ⁊ debõ

1547 2766 743 129 naire a ses songiez ⁊ cruel
