2568 3783
558 353 707 91 LE quart. des erreurs qͥ

564 409 720 111 son enuiron nobilite

555 482 741 116 LE .u. de uraie nobilite

558 573 732 95 que orgueil soit m łt a eschi

561 646 723 104 uer des princes ⁊ a craindre.

558 718 729 111 et humilite m łt a amer

542 797 735 110 LE .ui. que mẽconge soit

561 873 716 110 m łt a eschiner de prince

530 939 738 117 LE .uii. que uanite soit

558 1024 587 110 a despire de prince

530 1112 741 92 LE .uiii. de la uanite des

564 1182 697 97 richesces

548 1242 767 116 LE .ix. des uaĩtez des delices.

542 1333 716 104 LE .x. de uanite ⁊ de gra

561 1409 599 104 ce mõdanie

530 1494 741 94 LE .xi. de la loenge et de

548 1557 710 94 la gloire du monde

520 1629 760 108 LE .xii. que u̾ite soit m łt

545 1708 723 107 a amer de prince

526 1778 754 113 LE .xiii. que pitie auient

542 1866 688 113 m łt a prince

517 1929 782 113 LE .xiiii. que pitie soit nec

539 2014 732 107 cessaire a prince

536 2090 748 104 Ci feuissẽt les chapitres et

536 2172 741 104 ꝯm̃ce le p̾mier liure. Que po

530 2241 750 110 este terrienne est plus a craĩ

526 2313 758 155 dre que a estre requise. le p̾m̾.

873 2395 379 104 Ome desorde

889 2474 382 98 nee amour de

873 2550 407 110 la poeste t̾riẽne

886 2638 366 98 nuise m łt. se

886 2707 360 120 lonc la ꝑole

1287 182 271 114 premier

1457 365 745 88 saint b̾nart ou liure de ꝯsid̾a

1457 422 745 101 cion disant ainsi. nul uenin

1460 491 751 111 nul glaiue nest plus a crain

1460 573 754 104 dre a toy que conuoitise de sei

1457 652 773 95 gneurier sur  autre. Diligean

1460 731 773 94 m̃t sõt a entendre les ꝯdiciõs

1457 794 776 113 de ceste poeste terrienne par les

1460 885 760 101 quelles il sera fait apert que

1457 961 763 98 elle est a craindre ⁊ nõ mie a

1463 1043 786 98 req̃rre pour soy. Ia soit ce que

1460 1109 798 101 elle soit aucune foiz a receuoir

1454 1185 751 110 pour lordẽnem̃t de dieu ⁊ po᷑

1460 1261 748 107 le ꝓfist du pueple. De quoy

1457 1339 776 104 il est a sauoir que la poeste t̾

1457 1418 789 98 rienne par laquelle hõme est

1454 1494 779 94 sur autres hõmes nest pas cho

1454 1566 776 101 se de nature. mais ensiuance

1454 1642 779 95 de blasme. Ceste poeste a m łt

1457 1727 776 95 de nõ puissance. Elle est brie

1454 1796 789 98 ue et dure pou. Il semble que

1451 1863 782 104 ce soit hautesce et seignourie.

1448 1948 788 107 Mais cest subiection ⁊ offectiõ

1448 2023 772 111 cest hõneur despisable. Elle a

1454 2105 760 104 m łt de ꝑil. m łt de fes m łt de

1451 2178 769 107 trauail et m łt daguillõs. Et

1448 2257 760 101 aucune foiz est elle nuisable

1448 2336 763 88 a cil qui la poursuit. Ce nest

1444 2411 754 95 pas chose de nature, mais en

1444 2487 795 101 siuance de blasme. Il nest pas

1448 2572 769 95 dõne a hõme du ꝯm̃cem̃t que

1444 2641 758 95 lũ soit sur lautre mais q̃ il

1444 2723 776 126 fust ꝑ dessus creatures nõ mie
