2574 3783
577 359 719 88 puissanz sont dabstinẽce ⁊

574 428 725 95 de trauail. La poeste du ro

570 501 732 101 sel est tele. il resplendist ꝑ

574 580 722 91 dehors et dedenz si est tout

564 649 751 94 wit. et ce est acomꝑagie as

567 734 745 91 hõmes qui sõt dessus les au

564 800 745 111 tres qui ont en eulz apparã

564 876 732 101 ce. et ce quil piert si ni est

564 958 713 94 pas. La poeste terrieñe est

564 1037 713 97 sẽblable a baston de rosel.

567 1115 751 92 Et de ce dist. ysaye ou .xxui.

561 1188 738 88 c. Ne te fie pas sur le bastõ

564 1267 719 98 de rosel ¶ Item la poeste

564 1346 732 94 terriẽne est brieue a durer.

558 1418 725 101 Cest en eccaste ou .x ͤ. Tou

555 1487 713 105 te poeste est brieue de uie.

558 1560 719 110 Et ileques meismes est il

552 1629 744 117 ⟦dit⟧ escript. Le roy est hui ⁊

555 1721 732 88 demaĩ mourra. Cõme petit

555 1784 750 94 dura le royaume du grant

552 1859 738 105 alixãdre. len dit que il regͣ.

548 1932 748 107 .xii. anz. Mais ꝑ .uii. anz il

552 2014 744 107 se ꝯbati de quoy il piert q̃ il

548 2086 726 108 fu en chaitiuete. et .u. ans

548 2165 757 104 il regna en paiz. Ceste poes

545 2238 716 113 te si est ueue estre haute.

552 2320 725 101 mais cest lieu bas ⁊ aussi

533 2399 769 94 ꝓchain denfer et oste du ciel

542 2465 738 110 legierem̃t descent len de la

548 2540 723 117 terre en enfer. et griefmẽt

552 2622 769 104 mõte len au ciel. Qui re-

541 2695 708 164 coit poeste il semble q̃ il

1274 176 309 142 premier

1454 365 757 98 soit haucie et il en est sou

1476 422 751 107 uent gete hors. Et de ce est

1479 507 779 101 il escript ou psautier. Tu les

1473 583 754 101 as getez hors dont il fussẽt

1473 655 772 104 leuez haut. Souuent tel di

1473 728 766 104 gnite est tenue du noiẽt di

1479 813 748 107 gne ⁊ pour noient digne. q̃

1476 895 779 98 ꝯme aucũ la tient il oeuure

1476 961 766 107 dignem̃t. Donques ꝯme il

1473 1037 757 107 est despit de dieu il est plus

1476 1115 751 98 uil q̃ deuãt. Et cest ou pre

1476 1191 769 107 mier respõs et on secont. Qͥ

1473 1267 779 104 me despisẽt il ne seront pas

1473 1346 785 100 nobles. Et en saint luc ou.

1469 1412 786 120 .xui.c. Ce qui est haut as hõ

1473 1503 763 104 mes est abominaciõ deuãt

1473 1582 785 91 dieu. Et ou liure des ꝯsolaci

1476 1661 763 98 õs de boece. Boece. De ꝯbñ

1473 1727 766 104 la dignite est greigneur de

1473 1800 754 104 tant scet elle les mauuais

1469 1878 761 95 plus despisables ⁊ les mau

1479 1951 782 113 uais ne rendẽt pas po᷑ uoiẽt

1473 2039 779 107 eqͣlitez as dignitez les q̃lles

1473 2112 741 110 il ꝯchiẽt ꝑ leur ꝯchieure.

1476 2184 801 107 le sage. Ne soies pas conuoi

1473 2257 769 113 teux de la dignite qui amai

1473 2345 760 98 ne les mauuais ꝑ choses qͥ

1473 2421 772 97 ne sont pas dignes. Ioꝰ. Es

1466 2496 805 98 chine les hõneurs les quelles

1466 2572 754 95 tu ne pues tenir sans blas

1466 2648 764 113 me. Hautesce de honneurs

1469 2726 795 142 est grãdesce de felõnies. Il sẽ
