3511 5258
1709 521 1240 96 cui mes cuers satent · mon cors perdrai · et

1722 609 1306 87 ma vie ensement · et sachiez bien dame cer

1722 679 1276 144 teinement. si en seroiz de fins amans blas

1718 762 201 88 mee ·

1727 828 96 127 D

1871 845 1070 88 ouce dame car soiez remembree · de la

1721 940 1287 99 painne que suefrent fin amant · tant que

1710 1036 1245 97 par vos me soit guerredonee · cele que iai

1718 1124 1237 91 souferte · et toz iors sant · car onques noi

1716 1215 1274 87 voloir ne hardimant · ne ia naurai se dieu

1724 1302 1269 82 plaist le poissant · que par moi soit loial a

1722 1371 346 101 mor ghilee ·

1762 1459 65 109 I

1862 1463 1083 114 a enuers vos niert par moi porpensee ·

1721 1565 1284 94 desloiaute douce dame auenant · et quãt

1713 1650 1260 88 auroiz sene et esprouee · la bone foi quai ·

1724 1732 1199 84 del cuer enꝯuant · lors porroiz vous sanz

1724 1814 1246 90 blasme de la gant · et au maugre de felon

1733 1895 1269 91 mesdisant · faire de moi ami ꝯ bien amee ·

1740 1954 96 118 D

1862 1984 1127 92 ouce dame del tont a vos me rent · aiez

1731 2068 732 166 pitie de moi sil vos agree ·

420 84 591 126 li cuens dangou

398 1713 1127 179 .

371 1872 1195 93 i granz desirs et la douce pensee · que iai

376 1954 1180 166 .

350 2126 1234 91 por vos dame qui valez tant · dont la paine

363 2252 1219 179 .

359 2392 1232 96 ne puet estre celee · ou mauez mis et tenu

359 2480 1192 149 .

362 2631 1216 103 longuemant · encor tenez mon cuer en tel

381 2694 1205 202 .

363 2878 1254 101 tormant · dont ia nistrai nul ior de mon vi

381 2966 1210 180 .

368 3137 1242 93 uant · se par vos non douce dame honoree ·

372 3202 105 110 L

517 3211 1104 119 igranz desirs et la pains magree · asou

368 3309 1169 99 frir tant · de fin cuer bonemẹͣnt · que par

368 3394 1213 99 vos muert tote ioie donee · douce dame qui

365 3476 1263 105 tant estes plaisant · et sachiez bien ma deme

359 3557 1260 100 a ensciant · se de vos nai aucun alegemant ·

355 3636 1065 105 ie ne sai mais ou merciz soit trouee ·

368 3702 127 118 E

521 3720 995 109 t sanz merci ꝯment iert enduree · si

350 3814 1225 100 granz dolors par moi tant longement · se

368 3914 1239 143 par vos est pitiez entroubliee · douce dame a

3033 162 65 149 4
