3478 5260
912 26 763 144 li vidames de chartres ·

390 1827 1206 136 amours vient ioie et honours en¬

379 2083 1178 111 ement · aceus qui sunt loial en

377 2337 1245 111 son seruice · ne nus ne puet auoir

379 2592 1155 108 entierement · pris ne valour · sa

371 2846 1201 99 mours ne le iustice · de ce ai bien

388 3109 1137 90 la verite em aprise · pour ce la

397 3357 1219 99 serf de fin cuer loiaument · et a

394 3635 1178 96 merai sanz nul definement : ma

379 3901 1272 111 dame et li : si est la chose emprise ·

1785 444 126 143 B

1934 464 1017 114 ien doit sauoir qui tel amour

1733 569 1262 88 emprent · quen son cuer nait faus

1730 648 1277 88 sete · ne faintise · quar iaim touz ceus

1728 723 1135 96 plus que moi · nautres cent : les

1730 815 1224 90 queus ie sai que ma dame aime et

1723 894 1241 96 prise · dedenz mon cuer se ralume et

1723 986 1259 96 atise · tresfine amours · qui tout mon

1724 1078 1268 96 cuer esprent : a bien amer · et sachiez

1730 1177 1201 85 vracl vraiement : par biau seruir

1724 1259 918 88 est dame a droit conquise ·

1758 1323 145 119 M

1938 1336 1088 88 ieuz ameroie itel conquestement :

1724 1420 1224 90 quespaigne au iour que li bons rois

1724 1499 1213 90 lot prise · charlemainnes qui en fist

1721 1578 1225 93 son talent · he : mestra ia samours

1727 1668 1280 99 nul iour pramise · ne puiz sauoir co'

1730 1756 1242 96 ment · ne en quel guise · puisse a

1721 1835 1303 93 uoir dautre amour mon cuer dolent ·

1721 1916 1271 94 quen bon espoir abel confortement :

1724 1995 1248 97 qui tel dame aime · et est asa de

1753 2080 196 94 uise ·

131 1827 57 180 1.

223 1823 88 158 d'
