3511 5275
902 709 715 120 li vidames de cartres .

932 861 757 141 .

923 990 817 103 vant la saisons del douz

950 1068 589 202 .

926 1260 644 102 tanz sasseure · que

479 1340 1219 172 .

486 1494 1228 97 biauz estez se raferme et resclaire q̃

501 1608 1179 176 .

480 1761 1246 82 toute rienz asa droite nature · vient

470 1841 1166 172 .

474 2013 1214 91 et retrait · se trop nest demale aire ·

483 2114 1171 141 .

474 2262 1266 100 Lors chanterai que pluz ne men puis

488 2338 1205 198 .

468 2529 1264 96 taire · pour conforter ma cruel auen

461 2597 1210 185 .

463 2772 1230 85 ture · qui mest tournee agrant desꝯ

474 2848 188 164 .

471 3015 223 91 fiture ·

505 3099 97 105 Iaim et desir ce qui de moi na cure ·

642 3099 1144 96 las ie li dis · amours le me fist faire · or

468 3191 1255 88 me het pluz cue nule creature · et as

477 3285 1196 85 autres la voi si debonaire · diex  pour

460 3373 1178 93 autres la voi si debonaire · diex : pour

471 3466 1231 88 or ai ie dit folie sanz droiture · quen

474 3551 1208 85 bien amer ne doit auoir mesure ·

477 3636 1205 85 bien amer ne doit auoir mesure ·

497 3710 105 101 A

668 3727 1091 88 ma doleur na mestier couuerture ·

471 3815 1290 91 si sui soupris que ne men puiz retraire ·

474 3909 1237 111 ce font mi oeill par lor bone auentu

1861 448 1192 114 re · qui ce mont fait quil ne poent

1858 556 1166 85 desfaire · ne ie ne puis de li nule a

1861 627 1236 108 mour traire · ses felons cuers qui poĩt

1855 715 1275 102 ne masseure · mort mauera se sa guer

1869 814 440 88 re me dure ·

1891 883 128 123 A

2063 870 1021 127 mours amours · ie muir et sanz

1846 984 1254 103 droiture · certes ma mort vous deueroit

1852 1069 1228 106 desplaire · quar en vous ai mise toute

1861 1166 1210 85 ma cure · et mon penser dont ia le

1863 1257 1220 91 iour cent paire · sor vous deuoit mon

1855 1336 1210 82 bel seruice plaire : si en seroit ma ioie

1858 1415 1148 91 pluz seure : ꝯ dist pieca quil est de

1855 1503 445 85 tout mesure ·

1896 1573 123 119 Q

2039 1570 1073 103 ve crueus fait ses cuers sil li o

1878 1670 1206 88 troie · moi ahair dont ie la voi certein

1849 1761 1225 96 ne · quen tout le mont ne li deman

1855 1846 1125 91 deroie · rienz fors samour · qui ala

1858 1928 1192 85 mort me mainne · sele mocit si fera

1855 2013 1146 99 que vilainne · et seinsinc est ·que

1861 2095 1254 99 pour li morir doie : ce est la mort dont

1874 2180 655 127 pluz morir voudroie ·

2535 2183 671 138 li vidames de chartres

2292 2263 792 172 .

2283 2441 794 93 ombien quaie demoure

2314 2527 739 176 .

2291 2690 795 94 hors de ma douce con

1861 2786 1284 172 .

1863 2942 1220 94 tre · et maint grant trauaill endu

1891 3019 1188 185 .

1863 3197 1208 96 re · en terre mal euree · pour ce nai

1865 3274 1201 203 .

1863 3460 1205 100 ie pas oublie · le douz mal qui tant

1856 3547 1140 202 .

1869 3736 1158 94 magree : que ia nen quier auoir

1900 3824 1157 185 .

1881 4003 1222 96 sante : sen france ne mest trouuee ·
