3459 5247
3008 196 88 83 12

358 480 96 154 N

511 459 1006 161 us ne doit amours trahir · fors

341 606 1152 105 que garcon et ribaut · li dous mauz

347 687 1105 100 me tient einsi · ie ne voi ne bas ne

347 766 1242 108 haut · ainz vueill quele me triuist baut ·

352 851 1173 108 sanz ghiller et sanz mentir · maiz se

338 947 1251 99 ie puis consiuir · le cerf qui tant puet

338 1028 1044 111 fuir : mis nest ioianz athiebaut ·

332 1176 109 61 L

463 1106 1102 109 i cers est auentureus · et si est blãs

326 1206 1173 102 ꝯme nois · et si ales crins ansdeus ·

338 1297 1204 99 plus biauz quns sors espanois · Li cers

338 1381 1216 91 est en un defois · al entrer mout peril

332 1460 1231 99 leus · et si est guardez des leus · ce sunt

341 1544 1152 100 felon ennuieuz · qui trop grieuent as

344 1638 265 90 courtoiz ·

354 1753 118 70 Ainc ch̃rs angoisseus · qui a perdu

520 1709 1045 96 inc ch̃rs angoisseus · qui a perdu

335 1801 1239 90 son harnoiz · ne vieille qui art li feus ·

335 1880 1134 93 maisons · vignes · blez · et pois · ne

332 1961 1207 82 chacierres qui prent sois · ne leus qui

320 2040 1176 87 est fameilleus · nest auers moi dole

335 2125 1237 87 reus · que ie ne soie de ceus : qui aim

341 2208 660 100 ment deseur lor pois ·

358 2295 109 92 cuidiez vous que soit pechiez · docirre

516 2295 992 92 ame vne rienz vous demant ·

341 2387 1216 93 cuidiez vous que soit pechiez · docirre

347 2471 1178 85 son vrai amant · oil voir · bien le sa

344 2550 1190 99 chiez · sil vous plaist si mocijez · quar

341 2643 1108 85 ie le vueill et creant · et se mieuz

338 2722 1184 85 mamiez viuant · ie le vous di en oi

336 2789 975 149 ant : mout en seroie pluz liez ·

1346 2802 210 83 li ros de

1364 2882 193 59 nauare

739 2916 778 101 .

743 3052 849 93 e bone amour vient sci

747 3165 787 153 .

699 3317 843 93 ence et biautez · et a

354 3423 1137 179 .

320 3570 1196 102 mours vient de ces deus autresi ·

301 3646 1194 206 .

320 3836 1231 128 Li troi sunt un qui bien i a pense.

1679 459 1180 262 .

1694 696 1196 88 iamaiz nul iour nen seront depar.

1701 752 1080 214 .

1688 947 1243 96 ti · par vn conseill sunt ensamble e

1683 1027 1198 201 .

1694 1212 1251 114 stabli · li coureour qui deuant sunt

1701 1320 1163 157 .

1685 1472 1219 87 ale · de mon cuer ont fait lor che

1696 1534 1229 210 .

1697 1708 1251 105 min ferre · tant lont vse · ia nen se

1692 1783 376 206 .

1700 1973 373 79 ront parti ·

1731 2037 96 105 L

1836 2050 1133 92 i coureour sunt la nuit en clarte ·

1700 2133 1234 91 et le iour sunt pour la gent oscurci ·

1691 2224 1225 87 li douz reguart plaisant et sauoure ·

1685 2311 1234 90 la granz biautez · et li biens que gi vi ·

1694 2399 1237 87 ne men merueill · se ie men esbahi · de

1691 2483 1216 82 li adiex le siecle enlumine · quar qui

1691 2562 1240 84 verroit le pluz biau iour deste : vers li

1688 2643 869 91 seroit oscurs en plain midi ·

1705 2706 118 114 E

1862 2728 1059 127 n amour a paour et hardement ·

1679 2807 1167 99 li dui sunt troi · et du tiers sunt li

1682 2894 1211 99 dui · et granz valours est aciauz a

1700 2984 1196 94 pendanz · v amours a et recoi · et re

1668 3063 1201 96 fui · pour ce est amours li hospitauz

1674 3151 1248 93 dautrui : que nus ni faut selonc son

1674 3238 1271 99 auenant · et iai failli dame qui valez

1677 3326 1254 99 tant : a vostre hostel · si ne sai qui ie

1700 3407 143 82 sui ·

1683 3484 140 114 O

1867 3498 1049 100 r ni a plus · fors quali me con

1679 3588 1263 96 mant · quar touz biens fais ai lais

1671 3678 1219 99 siez pour cestui · ma bele vie · v ma

1674 3766 1155 102 mort i atent · ne sai le quel · maiz

1665 3862 1251 105 quant deuant li fui · ne me firent si

1674 3961 1271 111 vair oeill point danui · il mont naure
