3496 5255
514 540 1235 113 parmi le cuer dedenz · dun douz re¬

496 630 1241 114 guart · si amourousement · encore iest

511 729 736 94 li colpz que ien recui ·

521 801 118 123 L

670 792 1108 118 i colpz fu granz · il ne fait quem¬

511 887 1182 105 pirier · ne nuls mires ne le porroit sa¬

505 975 1282 105 ner · se cele non qui le dart fist lancier ·

493 1065 1279 108 se de sa main ideignoit adeser · tost en

505 1156 1180 102 porroit le coup mortel oster · atout le

490 1246 1206 91 fust · dont iai grant desirrier · maiz

499 1331 1291 111 la pointe du fer nen puet sachier  que¬

499 1418 977 97 le brisa dedenz au coup douner

1515 1414 237 88 maistre

1498 1475 197 114 richart

920 1515 810 118 .

955 1664 826 116 vis quil mestuet de ma

972 1747 732 127 .

957 1920 774 94 dolour chanter · et en

538 1996 1118 176 .

534 2166 1148 93 chantant dire ma mesestance · on

525 2242 1174 140 .

546 2426 1168 108 ne doit pas amon chant demander

525 2500 1139 180 .

493 2665 1198 102 quil ait enuoiseure · ainz chant se

521 2741 1135 206 .

505 2922 1229 122 lonc lauenture · si ꝯ cil qui ne puet

525 2986 1152 210 .

516 3179 1236 87 merci trouuer · et qui en soi na maiz

543 3253 508 158 .

547 3428 443 132 point de fiance ·

552 3555 140 92 S

730 3532 1086 99 i cum Equo qui sert de recorder ·

522 3623 1315 99 ce quautres dit · et par sa seurquidance ·

537 3719 1203 90 ne la deigna narcisus reguarder · ainz

534 3804 1308 102 secha toute dardure · fors la vois qui en

528 3897 1244 102 cor dure · einsi perdrai tout fors merci

531 3990 1279 126 crier · et secherai de duel · et de pesance ·

1896 468 154 180 D

2072 464 1034 162 ouce dame qui me poez douner ·

1886 616 1230 99 pluz quautre rienz de mes mauz a

1872 697 1215 105 leiance · se mi laissiez morir pour bien

1892 788 1218 96 amer · vostre en iert la mespresure · mer

1875 872 1179 100 ci franche creature · ala mort sui que

1883 960 1212 93 nen puis eschaper · se loiautez v pitiez

1879 1059 407 92 ne mauance ·

1914 1129 105 114 P

2072 1121 1038 113 aintre et macon qui bien seuẽt

1880 1232 1148 99 ouurer · et trestuit cil qui seuent

1875 1316 1273 102 dingremance · iporroient touz iours lor

1877 1401 1239 99 tanz user · en oeure · et en pourtraitu

1892 1480 1241 96 re · ainz que il feist sa figure · qui de

1877 1561 1218 103 biaute la peust resambler · de cuer · de

1888 1655 964 101 cors · de vis · et de samblance ·

1901 1756 158 87 M

2094 1734 950 96 aiz amours qui narcisus fist

1889 1818 1241 97 mirer · quant pour Equo en volt prẽ

1886 1903 1171 96 dre veniance · seinsi vousist pour li

1886 1988 1192 99 vne autre amer · tel qui de li neust

1872 2069 1258 100 cure · mis leust asa droiture · du grant

1886 2154 1212 93 orgueill qui le fait reueler · et en ve

1901 2237 911 171 nist pluz tost arepentance ·

2345 2335 514 79 li rois de nauare

2317 2395 749 201 .

2295 2580 821 79 reshaute amors qui tant

2304 2671 753 166 .

2269 2828 841 91 sest abaissie · quauec mon

1918 2934 1100 144 .

1901 3082 1156 97 cuer se deigna herbergier · afaire vn

1936 3174 1196 171 .

1901 3345 1235 97 chant ma prestee saie · si chanterai car

1932 3433 1152 179 .

1910 3605 1232 114 por moi enseignier · a amors pris en moi

1927 3700 1161 171 .

1921 3891 1171 120 son herbergage · et se ie chant ce nest

2974 2334 88 162 6

2965 4098 127 123 pas
