3425 5247
2948 515 218 105 Laclin

3044 607 57 79 de

2996 668 258 84 nauare

96 1639 179 136 la Royne

78 1757 184 110 la mere

87 1840 127 258 Louys

293 415 1224 253 .

309 655 1155 137 pas par vsage · ainz vueill chanter por ce

293 756 1150 170 .

303 906 1164 120 que cele loie  qui puet faire mon duel

262 1005 442 228 .

297 1198 435 90 deuenir ioie ·

314 1307 79 65 A

428 1272 1032 92 mors me fist vne grant courtoisie ·

285 1358 1153 90 quant en tel lieu vout mon cuer em¬

291 1437 1234 93 ploier · ou dex amis de ses biens tel partie ·

291 1524 1150 99 que toz li mons i auroit que prisier · ie

288 1606 1173 108 cuidoie quamant fussent tuit sage · ñ

306 1687 1163 105 sunt par dieu iaim et si faz folage · car

306 1779 1137 127 iaim cele qui proier noseroie · ne ie nai

285 1865 718 79 oieill si hardi qui la voie ·

297 1950 96 52 C

433 1932 1054 105 ele qui iaim est de tel seignorie · que

277 2017 1170 102 sa biautez me fist outrequidier · quant

271 2107 1161 87 ie la voi · ie ne sai que ie die · si sui sou¬

277 2186 1310 105 pris que ie nel os proier · las ie morrai se

259 2279 1252 99 le ne massoage · sele mocit trop fera gnͣt

259 2366 1182 91 outrage · pluz sent por li demal qui me

274 2454 1210 96 guerroie  que not paris por helainne de

282 2538 164 88 troie ·

275 2610 96 87 D

411 2610 1058 96 ame en qui sest toute honors asse¬

268 2705 1208 90 gie · en moi greuer poez grieue · griem̃t

265 2783 1202 102 pechier · se fine amors vos ade moi sai¬

256 2871 1167 84 sie · ne me metez por ce de vos arrier ·

268 2947 1231 93 vostre hom deuieg loiaus de vrai corage ·

256 3028 1170 102 dune chancon bele par hiretage· le ior

262 3116 1176 102 de mai dex doint que ie ie lemploie · car

288 3205 967 87 ia naurai voloir que ien recroie ·

279 3296 92 88 H

411 3283 1041 101 e  mesdisant vilainne gent haie ·

253 3369 1156 111 de moi greuer vos voi apareillier · et

253 3457 1173 102 sachiez bien cest mout granz vilenie ·

247 3541 1170 102 car ie sui cil qui nen auroit mestier ·

239 3629 1243 113 la granz doucours qui maint en son vi¬

242 3725 1216 105 sage · de loiaute li porte tesmoignage · por

236 3809 1219 117 ce nai pas paor quele vos croie · se la dur¬

245 3906 723 102 tez deur ne le menuoie ·

3079 188 131 157 13

2086 655 765 178 .

2055 747 801 123 Mors me fait ꝯmencier u

2042 857 809 170 .

2047 996 826 105 ne chancon nouele quele

1837 1167 966 127 .

1738 1250 1094 105 uelt enseignier a amer la plus

1644 1346 1203 201 .

1662 1524 1191 99 bele qui soit ou mont uiuiant cest la

1649 1582 1172 175 .

1651 1772 1181 90 bele au cors gent · cest cele dont ie

1688 1884 1155 175 .

1645 2011 1251 108 chant dex men doint tel nouele qui

1697 2090 1154 196 .

1639 2276 1287 99 soit amon talant que menu  souuẽt

1649 2396 774 166 .

2449 2352 92 114 B

2563 2369 337 92 ien me por

2475 2448 429 118 roit auancier

1636 2541 1260 88 mes cuers por li sautele · ma douce da

1636 2620 1205 93 me bele sele me uoloit aidier a ceste

1627 2708 1229 87 chanconele · ie naim nule riens tant

1627 2789 1232 99 ꝯme li seulement ·  sen afaitement qͥ

1633 2877 1196 90 mon cuer renouele · amors me lace 

1645 2952 1202 97 prent  fait li  ioiant por ce qua soi

1644 3043 223 83 mapele ·

1915 3038 79 101 Q

2020 3034 866 96 uant fine amors me semõt

1624 3130 1264 91 ml't me plest  agree que cest la riens

1622 3212 1237 99 en cest mont que iai plus desirree · or

1624 3302 1275 99 le mestuet seruir ne men puis pl᷒ tenir

1636 3393 1243 102  dou tot obeir plus que riens qui soit

1645 3477 1246 111 nee · sele me fait languir  uois iusqau

1636 3559 826 102 morir maine ensera lauuee

2510 3611 79 75 S

2602 3572 276 100 e la mieu

1624 3646 1290 111 dre de cest mont ne ma samor donee tuit

1622 3739 1237 100 li amorex diront cia fort destiner sa ce

1624 3833 1267 105 puis ia uenir que  ie sanz repentir maioie

1624 3917 1229 131  mon plaisir deli quai tant amee lors
