3437 5247
336 393 1128 236 .

306 603 1221 108 nont mestier · car ason per chascuns oi

327 747 359 136 .

332 871 414 99 siauz saaire ·

310 957 114 96 N

454 922 1111 127 us nest sages se il ne set plaidier · ou

309 1046 1273 96 sil ne set barons le lor fortraire · celui tienēt

300 1139 1265 94 li fol bon conseillier · qui son segneur dist ce

300 1230 1233 93 qui li puet plaire · las au besoig nes prise

303 1314 1215 96 oit on gaire · maiz preudome ne pri doit

309 1399 1241 87 nus blastengier · non fais ie voir · ia mot

300 1480 1236 88 soner nen quier · ne de mauuaiz ne puet

300 1571 557 81 nus bien retraire ·

288 1639 118 96 U

425 1646 1122 85 ne merueille oi dire lautrier · donc tuit

294 1731 1268 90 li preu doiuent crier et braire · que no joen

294 1813 1262 90 ne baron font espijer · les ch̃rs mainz cou

300 1894 1247 94 stans · maiz quil paire · teus les vuelent a

297 1982 1256 84 lor seruice atraire · maiz celor font li mal

309 2066 1273 91 uaiz fauconier · qui si durs ges lor metẽt

300 2148 1259 90 au loirrier · quil lor en font ongles es pies

310 2229 302 97 retraire ·

323 2308 74 96 I

432 2321 1085 88 l ni a roi ne prince si griuer · sil veut

311 2401 1204 85 parler daucun bien grant afaire · ancoiz

311 2489 1231 84 nen croie vn vilain pautonier por tant qͥl

309 2568 1241 78 ait tresor en son aumaire · que le meillor

332 2640 1246 92 qui soit trusqua cesaire · tant le sache preu

297 2719 1224 96 et bon ch̃r · maiz en la fin sen set dex bien

291 2807 1274 99 vengier · encor parut lautre foiz au cahaire ·

288 2885 105 97 P

432 2894 1102 92 rinces auers ne se puet auancier · car

291 2970 1300 99 bien doners toute valor esclaire · ne lor valt

303 3054 1247 97 rienz samblanz de tornoier · sil na en eus de

300 3130 1256 102 largece essamplaire · maiz quant amors en

309 3209 1273 99 loial cuer repaire · tel latire quil ni a quen

306 3288 1276 105 seignier · por ce la fait bonserut sanz trich̃ ·

306 3378 1221 99 car on en puet de toz biens achief traire ·

306 3476 91 83 Q

454 3458 1142 109 vens de flandres por quil vos doiue plai

327 3554 1242 114 re · mon seruentois vueill avous enuoier ·

314 3642 1247 127 maiz nen tenez nul mot en reprouier · car

300 3734 962 128 vos feriez avostre honor ꝯtraire.

1705 297 673 116 Me sire iakes de cẏson ·

2094 415 735 153 .

2104 620 779 94 vant reꝯmence et reuient

2107 730 787 113 .

2107 883 825 99 biauz estez que foille et flor

1705 961 1176 206 .

1696 1139 1230 111 resplendist par boschage · que li frois tanz

1722 1237 1159 144 .

1693 1402 1213 116 del yuer est passez · et cist oisel chantent

1714 1512 1185 145 .

1696 1652 1251 94 enlor langage · lors chanterai et enuoisiez

1714 1753 1202 162 .

1693 1906 1271 90 serai · de cuer verai · ia por rienz nel lairai ·

1714 2002 1150 131 .

1684 2160 1228 87 car ma dame qui tant est bone et sage ·

1687 2221 1177 214 .

1699 2413 1172 90 ma ꝯmande atenir mon vsage · dauoir

1674 2514 280 179 .

1690 2611 315 134 cuer gai ·

1679 2737 109 87 C

1819 2737 1132 87 il qui dient que mes chans est remez ·

1699 2821 1242 94 par mauuaistie · et par faintis corage · et

1687 2912 1263 84 que perdue est ma ioliuetez · par ma lan

1693 2990 1233 91 gor et par mon mariage · nont pas bien

1687 3066 1321 96 sai si amoroz assai · ꝯme ie ai qui ioie maĩ

1693 3156 1222 91 tendrai · tot mon viuant · ne ia por nul

1696 3241 1206 113 malage · ꝯment quil griet ne ꝯment

1696 3318 726 127 quassoage : ne recrerai ·

3025 196 101 188 14
