3437 5256
32 1197 265 111 re iakes

49 1337 164 99 yson.

411 449 1174 120 siement et souuent : doi chanter ce

414 986 1250 111 amis : qui nen a amendement · quant

416 1081 1052 92 il prent : don de si bon lieu tramis ·

920 1156 671 206 .

893 1334 797 120 ant la saisons del douz

898 1441 759 109 .

878 1597 865 87 tans se repaire · que biaus

477 1664 1158 206 .

435 1842 1267 117 estez se depart et decline · chanter me fait

451 1922 1127 189 .

440 2081 1171 106 folie debonaire · et bone amors qui fin

442 2159 1180 210 .

411 2353 1273 102 cuer enlumine  · Car la folor dont iai mõ

434 2422 1253 201 .

414 2601 1300 97 chant rete · me fait penser par debonairete ·

438 2684 1232 193 .

423 2855 1250 94 en si haut lieu que ie ne me doi taire · ne

451 2943 1122 184 .

420 3109 1180 85 ne me vueil tenir de chancon faire ·

412 3175 118 140 L

565 3188 1048 97 oiaus amors quli dous cuers donte et

423 3279 1291 90 maire · ale mien mis en si douce saisine ·que

426 3363 1206 88 nel en quier departir ne retraire · car lonc

1807 402 1270 129 de moi greuer · mais ie pens et deuise · qͣ

1801 525 1209 105 urai merci en aucune maniere · ou par

1792 601 1239 108 eur · ou par vostre franchise · quar ie vos

1804 686 1265 102 serf de bone volente · mais mon seruir ne

1804 770 1305 106 vous ai reproue  fors que por ce que ne soiez

1795 858 1288 117 trop fiere : vers fin ami qui ainc ne fu tri

1810 963 232 101 chiere ·

1819 1055 123 131 M

1985 1042 1114 123 out me samblast ceste dolors legiere ·

1795 1144 1312 120 donc bone amors me destraint et atise · mais

1810 1243 1294 106 que ie voi fausse gent losengiere · mouteploier

1810 1325 1261 105 si que chascuns la prise · car il en a par tot

1810 1398 1229 114 trop grant plente · or verriez vn fin cuer

1813 1483 1308 117 honore · se bone amors ꝯnoissoit fausse chie

1792 1576 1250 161 re · ne faus souspirs : ne faintice proiere ·
