3457 5260
1925 298 689 92 mesore Hugues de Bregi

3031 227 140 320 17

1113 3801 465 231 s'. huges de bregi.

416 403 1110 210 .

403 631 1163 111 maiz nule atendance · ainz en ai

407 727 1119 167 .

391 870 1248 103 si mon cuer oste : que faire en puis

412 951 412 184 .

399 1126 443 114 ma volente ·

394 1236 136 52 E

549 1218 1008 94 le est de si haute vaillance · et de

376 1279 1257 106 si tresfine biaute · que ie fis folie et enfa'

376 1376 1257 111 ce · quant li descouuri mon pense · mes

385 1466 1201 97 ses clers vis et sa samblance · morent

388 1551 1207 91 si damours embrase : que tout cuidai

390 1630 412 88 auoir trouue ·

407 1762 84 39 E

508 1721 1052 93 n li nai maiz point desperance ·

371 1800 1256 105 qular trop a orgueill et fierte · et si sai

376 1896 1169 94 de voir sanz faillance · que trop se

368 1984 1247 93 fie en sa biaute · et en sa simple con

374 2066 1239 96 tenance · et tout son cuer et son pen

377 2147 785 141 se : aencore en sa poeste ·

2184 451 768 228 .

2174 651 783 117 vsi com cil qui cueure

2197 732 711 184 .

2189 889 811 114 sa pesance · et son mes

1820 973 1101 153 .

1744 1125 1192 119 chief entre ses anemis · pour ce

1781 1231 1105 176 .

1753 1382 1271 125 que mainz len aient en viltance ·

1772 1490 1114 166 .

1767 1586 1169 161 faiz biau samblant ou plus sui

1763 1731 1123 153 .

1759 1862 1184 198 dire espris · et tout pour ce qua

1781 2007 1145 149 .

1750 2141 1154 112 chascun soit auis : quil ait en

1759 2213 1162 228 .

1747 2402 1213 102 moi aucune bone estance · kom

1763 2489 1079 184 .

1721 2647 1233 105 assasez  recueure pluz damis ·

1741 2730 132 92 D

1911 2735 1122 105 vne chose font dames grant en

1738 2817 1239 108 ance · quades dient des lor quil va¬

1732 2904 1169 100 lent pis · ainz que ma dame eust

1724 2986 1271 108 seur moi poissance · li fui assez vail¬

1718 3077 1212 105 lanz ason auis · et quant el mot

1729 3167 1254 100 du tout ason deuis  si li fu vis que

1732 3255 1283 93 neu point de vaillance  pour ce quel

1735 3340 895 96 mot du tout asoi ꝯquis ·

1750 3427 105 88 L

1878 3427 1143 94 e nos pas dire que ie trahis soie ·

1732 3509 1216 94 tant ai en li et apris et trouue · et

1735 3588 1204 99 si ne cuit que iamarz feme croie 

1729 3676 1237 99 se de ceste mon cuer auoie oste · ie

1735 3766 1158 97 pri adieu que il li doint chierte 

1724 3854 1218 143 dun si loial ami ꝯ ie seroie  se ie
