3464 5260
2481.0 4199.0 277.0 127.0 Voy. la suite

2516.0 4295.0 189.0 206.0 fo. 59

581.0 514.0 1205.0 102.0 diront sans mentir quaurai tot mon de

583.0 600.0 710.0 88.0 sir  ma queste eschuiee ·

1328.0 587.0 83.0 118.0 C

1433.0 596.0 360.0 96.0 ele por qui so

584.0 686.0 1193.0 94.0 spir la blonde coloree puet bien dire 

578.0 771.0 1237.0 96.0 iehir que por lui sans mentir sest amors

570.0 859.0 350.0 157.0 ml̃t hastee ·

912.0 898.0 877.0 232.0 .

900.0 1113.0 903.0 85.0 Eignor saichies qͥ or ne senira

863.0 1179.0 899.0 184.0 .

859.0 1358.0 935.0 108.0 encele t̃re ou dex fu mors  uis 

574.0 1450.0 1215.0 220.0 .

587.0 1633.0 1231.0 99.0 qui la crois doutremer ne penra apaines

631.0 1700.0 1158.0 206.0 .

583.0 1862.0 1236.0 114.0 mais ira en paradis quia en sor pitie ne

574.0 1994.0 1188.0 166.0 .

587.0 2130.0 1241.0 136.0 ramembrance au haut seignor doit quer

587.0 2253.0 1184.0 166.0 .

596.0 2402.0 1195.0 93.0 re sa ueniance  deliurer sa terre  son

784.0 2498.0 84.0 92.0 T

885.0 2489.0 930.0 88.0 uit li mauues demorront par

613.0 2546.0 114.0 114.0 .

784.0 2564.0 1000.0 101.0 de ca qui naiment dieu bñ ne

616.0 2653.0 1231.0 99.0 pais · honor ne pris  chascuns dit ma

587.0 2743.0 1216.0 88.0 feme que fera ie ne lairoie anul fuer

593.0 2825.0 1219.0 91.0 mes amis · cil sont cheoit en trop fole

593.0 2910.0 1239.0 94.0 atendance · quil nest amis fors que cil

587.0 2995.0 1260.0 82.0 sans doutance qui por nos fu en la ura

587.0 3063.0 382.0 97.0 ie crois mis ·

1021.0 3063.0 88.0 110.0 O

1131.0 3068.0 693.0 96.0 r sen iront cil uaillant

578.0 3158.0 1237.0 103.0 bacheler qui aiment dieu  lennor de

596.0 3234.0 1267.0 106.0 cest mont qui sagement uuelent a dieu

596.0 3331.0 1233.0 105.0 aler  li morueux li cendreux demorrõt

590.0 3424.0 1196.0 91.0 auugle le sunt de ce ne dout ie mie qui ·j·

587.0 3503.0 1260.0 100.0 secors ne fait dieu en sa uie ·  por si pou

596.0 3589.0 688.0 106.0 per la gloire doumont ·

1328.0 3581.0 79.0 109.0 D

1416.0 3585.0 412.0 97.0 iex se lessa en

587.0 3687.0 1213.0 91.0 crois por nos pener  nos dira au ior

593.0 3772.0 1242.0 94.0 que tuit uendront · uos qui ma crois ni

616.0 3866.0 1178.0 99.0 aidastes aporter uos en irez la ou mi

628.0 3959.0 1231.0 120.0 angle sont · la me uerrez  ma mere ma

1949.0 511.0 1187.0 105.0 rie ·  uos par cui ie noi onq̃s aie des

1942.0 591.0 1052.0 101.0 cendres tuit en enfer le parfont

3029.0 639.0 44.0 57.0 C

3095.0 618.0 88.0 65.0 has

1949.0 677.0 1202.0 103.0 cuns cuide demorer toz haitiez  que

1946.0 771.0 1243.0 82.0 iames ne doie mal auoir ainsi les tiẽt

1946.0 847.0 1228.0 96.0 anemis  pechiez que il nont sen har

1955.0 929.0 1181.0 102.0 dement ne pooir · biax sir diex ostes

1958.0 1022.0 1199.0 97.0 leur tel pensee  nos metez en la uos

1967.0 1116.0 1201.0 90.0 tre contree si saintement que uos pu

1977.0 1201.0 403.0 105.0 issons ueoir ·

2385.0 1192.0 79.0 118.0 D

2490.0 1201.0 697.0 96.0 ouce dame roine coro

1984.0 1297.0 1173.0 93.0 nee proiez por nos uirge bien auree

1981.0 1379.0 1193.0 99.0  puis apres ne nos puet mescheoir ·

2372.0 1542.0 763.0 149.0 .

2302.0 1604.0 903.0 201.0 aloie lautriez errãt sãz ꝯpai

2315.0 1827.0 850.0 141.0 .

2274.0 1975.0 906.0 93.0 gnõ sor mõ palefroi pensant a

2078.0 2042.0 1127.0 162.0 .

1987.0 2197.0 1190.0 120.0 faire une chancon quant ioi ne sai ꝯ

1981.0 2336.0 1189.0 162.0 .

1961.0 2480.0 1263.0 103.0 ment lez un buisson la uois don plus

1981.0 2551.0 1206.0 175.0 .

1981.0 2738.0 1190.0 93.0 bel enfant conques ueist nus hom · 

2030.0 2800.0 1175.0 198.0 .

2008.0 2983.0 1192.0 97.0 nestoit pas enfent si neust quinze anz

1981.0 3059.0 1197.0 206.0 .

2030.0 3142.0 1175.0 198.0  demi nonq̃s nule riens ne ui de si gen

2262.0 3326.0 92.0 114.0 V

2380.0 3313.0 825.0 110.0 ers li men uois maintenãt

2003.0 3383.0 220.0 136.0 .

2291.0 3407.0 930.0 117.0 mis lai a raison · bele dites moi

1981.0 3492.0 1216.0 119.0 te facon · ꝯment por dieu uos auez nõ

1981.0 3579.0 1254.0 117.0  ele saut maintenant a son baston se

1990.0 3667.0 1216.0 120.0 uos uenez plus auant ia aurez la ten

1990.0 3755.0 1196.0 122.0 con · sire fuiez uos de ci nai cure de tel

1981.0 3851.0 1208.0 120.0 ami que iai ml̃t plus bel choisi quen

1995.0 3962.0 543.0 149.0 claime robinchon ·

2565.0 3949.0 74.0 149.0 Q

2652.0 3949.0 575.0 131.0 uant ie la ui esfraer
