3650 5167
357 335 1284 164 D ont se monstra diex a no gent

361 486 987 121 Qi estoient las ⁊  dolent

366 602 913 142 E ntenebreuse region

374 731 1030 121 E n lombre de mort seion

379 848 1211 120 Q ant la lumiere nous nasqui

374 968 996 121 Qi de la sainte uirge issi

374 1076 1009 112 A donq̃s funs enluminet

374 1179 987 121 D onc fu li tͬmes affinet

374 1287 1026 129 D e la poine ⁊ de la dolor

383 1390 1159 134 Q' nous auiens tenu maint ior

387 1515 1048 138 D euant ce estiens nous t̾ste

387 1631 1285 147 D e nous dist diex par le psalmiste

396 1756 1138 138 D auid qui tant fu bien delui

392 1873 1099 124 L i pueples que ie ne conui

392 1980 939 138 F ait nr̃e sires meserui

387 2114 905 112 & enorison mobet

387 2217 1121 125 & cil estrange me mentirent

383 2338 1202 107 & mes cõmandem̃s despirent

379 2450 1073 124 & ce q̃ ie dis abaissierent

387 2570 1228 116 & mes ꝯmandem̃s laissierent

387 2686 1073 125 L i iuif sont enoscurtei

383 2790 1151 125 C ar il laissierent la clartei

392 2902 1068 116 L es tenebres amerent pl'

400 3009 996 147 Q' le urai soleil de lassus

547 3858 763 133 De la nature de laigle.

560 3978 887 121 i aigles ÷ rois des oiseaus

392 4069 142 142 L

405 4103 1249 138 Q ant uiex est si deuient nouiaus

409 4224 1168 193 P ar ml't m̾ueilleuse nature

1689 335 1241 134 U ne fontaine clere ⁊pure

1715 460 1215 134 O u leaue sort clere ⁊ boulanz

1728 581 1163 138 Q ant li solaus pl' est raianz

1719 688 1202 160 Cerche li aigles quant est uiex

1715 818 900 137 & il a oscuret les iex

1723 925 1159 155 & chascune eile gͬef ⁊  uaine

1723 1054 1190 134 E n lair deseur cele fontaine

1719 1158 1198 133 C om̃ce ml't haut haut am̃t̾

1723 1265 1121 138 C ontͤ soleil raiant ⁊  cler

1723 1377 1276 142 Q ant lassus uient en la chalor

1719 1498 1103 138 S es iex affiche en la luor

1779 1649 1039 112 D ou soleil ⁊  tant iesgarde

1728 1743 1146 138 Qi lli est ius que tͤstouz arde

1728 1868 1206 138 I luec en cele ardour semprẽt

1728 1989 1176 120 S es ielx ses eiles ensement

1732 2092 1267 129 P uis descent ius en la fontaine

1732 2213 1237 120 L a ou li eaue est clere ⁊ plaine

1732 2320 1219 134 S i se plunge ⁊ bengne .iii. fois

1723 2441 1233 133 T ant quil est bien si lesachois

1719 2553 1194 146 T ous fres ⁊ tous renoueleiz

1719 2673 1013 117 & de sa uieillece saneiz

1715 2781 1129 125 T ant a laigles clere ueue

1719 2902 1207 120 S i est si hauz ꝯme une nue

1715 3009 1163 138 L a deseur encel air ratant

1723 3134 1138 121 S i uoit il le poisson noant

1728 3242 1206 129 S ous lui en leaue ⁊  en la m̾

1715 3362 1228 121 D ont descent por lui encõbrer

1710 3466 1082 133 A lui se ioint ⁊ tant est̾ue

1706 3586 1142 142 Q' par force le trait a riue

1840 3724 1068 129 ne autre meniere a estrãge

1689 3741 107 147 U

1693 3836 1164 125 Qi de ses oes feroit eschange

1702 3961 1055 125 & en son ni autres meist

1762 4094 939 125 Qi l nel seust ne ne ueist

1702 4193 1211 194 Q ant li poucin seroient grãt.

3214 107 112 129 lix

3253 223 129 147 58
