3585 5219
482 334 1262 174 A ncois quil fussent bien uolãt

530 482 1140 135 L es porteroit lassus en lair

530 604 1110 131 C ontre le rai contre lesclair

526 721 1144 144 D ousoleil qnͣt mex raieroit

526 843 1131 139 C elui qui mex esgarderoit

530 965 1131 135 L e rai dou soleil sans clungn̾

526 1087 1057 130 A meroit il ⁊ tenroit chier

517 1196 1075 121 ⁊  celui qui naroit uigour

517 1309 1044 126 D esgarder contre laluoz

513 1422 1127 130 C om auoutre le guerpiroit

504 1543 1218 131 I a puis ne senentremetroit.

443 1748 170 69 L

691 1665 897 135 aigle qainsi se renouele

504 1791 1262 131 N ous dõne essample bone ⁊  bele

513 1909 1105 130 C ar autresi deuroit ourer

513 2035 1188 117 H om qui se uieut renoueler

513 2131 1105 130 E nsonuestem̃t ancien

491 2257 1184 126 S oit gieu ou soit crestien

517 2370 1227 130 Q ant li oeil de son cuer seroient

513 2487 1144 131 S i encombre quil ne uerroient

513 2600 1135 122 U oie rie sauueter t̾raine

522 2718 1183 122 D ont deuroit q̃ere la fontaine

530 2822 888 135 Qi est esperitable uie

522 2944 1157 126 C est li baptesmes qui auie

522 3061 1126 139 T restours cex q̃e il seintefie

517 3192 1088 122 D e ce trais ge a garantie

530 3301 1097 121 L eunͣgile ou trouons escͬt

535 3409 1079 131 q' cil qui diaue ⁊ desperit

535 3535 1122 122 N e se seront saintefier

539 3648 1127 131 Qi l soient saner et espurgie

548 3766 1179 148 N e porroit en nule guise estre

569 3896 1175 126 Qi l entrent en regne celestre

552 4014 1018 126 Qi en ceste fontaine clere

556 4140 1240 126 S ont baptisie en non dou pere

552 4257 1123 174 D ou fil ⁊  dou saint esperit

1831 387 1027 130 S eurement sanz contredit

1783 495 1040 144 P orroit ueoir ⁊ esgardeir

1788 621 1039 140 L e urai soleil qͥ raie cleir

1788 748 1031 130 C est ih'c cͬs li douz li pis

1788 865 1039 135 Qi en lui a son esgart mis

1796 987 1049 130 E nlesgardeir se renouele

1788 1113 1079 113 A utresi com fait li oisele

1792 1217 1079 118 E ns en urai soleil q̃ cil fist

1801 1317 1048 118 Qi tous les elemens assist.

1975 2157 735 104 la nature dou fenis.

1775 2144 165 234 D

1992 2257 940 126 un oisel qui a non fenis

1849 2374 1048 118 Qi en une isle maint tous dis

1840 2492 931 117 E n inde qui anon maior

1814 2600 1100 126 L e trueueon de nuit ⁊ de ior

1809 2705 1145 135 A illors ne le puet on trouer

1818 2813 1218 144 C ist oiseaus est touz iors sãz per

1818 2931 1214 135 I a nensera cuns seul ensamble

1814 3048 1105 135 uͨ. ans dure ce me samble

1836 3170 1118 131 D un estat ⁊  dune meniere

1836 3274 1161 135 A  bon samblant abone chiere

1831 3396 1114 131 Q ant .uͨ. an sont acompli

1840 3509 1127 144 S amble lui quil soit enuieilli

1853 3635 1061 148 S i se charge despices chieres

1849 3757 1153 157 b ones ⁊  de plusors menieres

1840 3896 979 122 D ela desertine senuole

1849 4005 896 135 E nlacitei de leopole

1827 4140 905 130 A i. prestre de la citei

1853 4257 1031 157 E st acointes par ueritei
