3585 5219
726 169 500 139 De la huppe.

522 365 169 87 L

713 295 1031 135 a hupe est .i. oiseaus uilains

561 413 1231 148 S es nis nest pas cortois ne sains

565 539 1162 148 A ins est faiz de tal ⁊ dordure

565 665 1140 143 M ais ml't sont de bone nat᷑e

574 782 1087 140 L i oiseillon qui de li issent

565 922 1183 134 C ar qnͣt lor pere enuiellissent

565 1039 1136 135 Qi l ont perdu tout le pooir

565 1156 927 118 & de uoler ⁊  de ueoir

565 1256 1144 153 D ont les reconfortent lor fis

565 1387 1157 135 Q ant les uoient si enuiellis

569 1504 1058 139 S i lor enragent tout ades

569 1630 1132 144 L es uielles plumes a lor bes

569 1765 1149 126 P uis les eschaufent durem̃t

561 1891 1153 131 ⁊  les cueurent ml't doucem̃t

569 2009 1153 130 S i com cil firent eaus ancois

543 2122 1171 143 T ant q̃ il sont gari ⁊ frois

561 2239 931 118 & resclarcies lor ueues

569 2357 1114 135 & lor plumes bien reuenues

565 2479 1079 130 Q ant il les ont ensi garis

569 2596 1092 139 b ien lor pueent dire lor fis

565 2718 1118 143 b iaus pere bele mere chiere

565 2831 992 130 A usi ⁊  en teile meniere

556 2935 1114 152 C ome nous meistes gnͣt cure

565 3066 1144 143 E n nous por nr̃e norreture

569 3192 1110 135 E n guerredon de ce seruise

565 3301 1292 156 L a rauons nous or en uous mise

565 3435 1049 135 & rendu bontei por bontei

569 3557 1075 144 S i q̃ riens ni a mescontei

561 3722 161 113 Qui sans raison est par nature

739 3679 940 139 egnor qnͣt ceste creature

561 3805 1196 130 Moult deuons estre en grant esmai

565 3918 1271 165 Qui toutes raisons entendons

569 4036 1267 169 Et de ce garde ne prendons

569 4166 1206 152 Qi toutes raisons entendons

556 4301 1145 230 & de ce garde ne prendons

1875 313 1314 178 H a : las. tãt est neiz a male eure

1879 443 1092 165 Qi pere ⁊  mere deshoneure

1879 569 1253 166 Q ant il les uoit deuant ses iex

1870 695 1088 157 M alades ⁊  frailes ⁊  uiex

1862 821 1153 144 & si nen prent garde ne cure

1866 948 1088 143 M l't est de maluaise nat᷑re

1870 1074 1110 130 Li hom qui discretion seit

1870 1178 1101 139 & son pere et sa mere heit

1866 1291 1214 152 & les maudist a ml't gnͣt tort

1870 1443 1175 122 M orir lestuet de male mort

1857 1535 1084 143 C ar diex ꝯmanda en la loi

1862 1665 1126 135 Q' nous deuons tenir en foi

1857 1791 1166 140 Q' pere ⁊  mere on honorast

1853 1904 1162 157 & con les seruist ⁊ gardast

1849 2031 1253 139 & promist q̃ de mort morroit

1853 2148 1118 126 Qi pere ⁊  mere maudiroit

2001 2966 813 121 De la nat᷑re dou fremis.

1831 3057 148 161 S

2036 3061 1031 153 alemons dist as pecheors

1849 3200 1244 140 Qe se nus uient estre rescours

1992 3318 1031 148 De maluaistie ⁊  de peresce

1862 3444 1192 135 Qi l prengne garde a la proesce

1844 3566 1210 135 D ou fremis qui si est petis

1870 3692 1210 135 S ages et preus est li fremis

1866 3827 1162 122 S i se poruoit en tans destei

1883 3944 1066 126 S i qen liuer en a plentei

1883 4070 1079 126 & nule autre beste nel fet

1853 4188 1188 135 Q ant il issent de leur recet

1831 4323 1197 139 S i uont ml't ordeneement
