3641 5148
515 274 1176 159 h ors de la lettre la figure

515 411 1142 133 b ien seiz tu q̃ lapostre dit

515 544 1086 125 Q' la letre tue ⁊  ocit

506 656 833 133 & li espͤris uiuefie

493 772 1142 124 C e ne dois tu oblier mie

510 888 1155 141 L i gien qui ne uoelent metͤ

502 1008 1181 128 N e sens ne figure en la letre

485 1132 1172 116 S ont deceu uilainement

502 1231 1211 128 N e uoient pas parfondem̃t

502 1351 1254 120 L e grain gardent trestout ent̾

485 1458 1180 129 T ant quil porrist en lor gͤn̾

502 1570 1236 141 M l't a li fremis greignor sens

519 1690 1198 137 Qi se poruoit ensi partens

498 1810 1197 137 Q' de son grain a tout le preu

489 1934 1241 116 Q ant uient en saison ⁊ en leu

450 2132 176 85 F

618 2046 1060 111 remis dautre meniere sont

510 2149 1031 137 e n ethiope la amont

506 2260 1254 133 D e chiens ont toute la fait᷑e

506 2376 1168 129 & sont bien de lor estature

510 2496 1271 133 I cil sont destrange meniere

515 2612 1206 129 D e la t̃re ⁊ de la poudriere

510 2724 1185 128 E nragent ⁊  traient or fin

510 2835 1130 133 T ant q̃ nensai dire la fin

515 2951 1189 133 & qui cel or tolir lor uieut

510 3067 1301 137 t ost senrepent ⁊  ml't sen dieut

510 3187 1379 142 C ar apres aus maintenãt qeurẽt

502 3294 1348 146 S is ataignent tous les deueurẽt

545 3401 1202 163 L es gens qͥ dilueq̃s sont pres

502 3526 1262 159 S euent quil sont fel ⁊ engres

519 3655 1245 163 & quil ont or a grant plentei

553 3775 1044 154 S i ont .i. engin aprestei

523 3903 1267 151 I um̃s prenent qͥ poulains ont

553 4011 1138 167 Qi ione ⁊ ml't alaitant sont

519 4144 1288 201 T rois iors les ont fait geun̾

1807 304 1207 167 A u qͣrt lesfont bien enseler

1807 437 1181 146 ⁊  se les afferment as crins

1803 557 1193 146 A usi luisanz cõ est ors fins

1807 673 1245 137 E ntreaus ⁊ la t̾re as fremis

1807 785 1220 137 C ort .i. flueues ml't arrabis

1811 905 1267 146 O les iumens au flueue uienẽt

1790 1021 1370 137 L es poulains deu̾s eaus retienẽt

1811 1136 1293 138 P uis chacent outͤ les iumens

1807 1248 1254 133 Qi ont faim au cuer ⁊ as dens

1824 1359 1233 129 D e lautre part est lerbe drue

1846 1475 1077 138 ⁊  bien espesse et bien creue

1794 1600 1318 124 I luec uont les ium̃s paissant

1786 1707 1232 133 ⁊  li fremis demaintenant

1867 1840 1052 116 Qi uoient les escͬns paroir

1867 1947 1082 116 I cuident bien recet auoir

1872 2063 1090 112 A lor or mucier ⁊ reponre

1863 2170 1172 112 N e les estuet mie semonre

1867 2273 1099 133 D es escͬns emplir ⁊  chergͬ

1872 2402 1163 124 D ou bon or precieus ⁊ chier

1884 2513 1143 129 E nsi uont toute ior portant

1884 2629 1087 125 D eci q̃ uient u̾s lanuitant

1884 2732 1168 138 Q' les iumens sont saoulees

1893 2848 1099 129 Qi ont les pances grnͣs ⁊ lees

1889 2968 1232 120 Q ant leur poulains oient henir

1889 3088 1009 120 S i se hastent de reuenir

2000 3187 1172 146 Le flueue maintenant tͤspassẽt

1902 3320 1198 129 C il prenent lor ⁊ si lamassent

1867 3440 1082 112 Qi en sont ⁊  riche ⁊  ioiant

1889 3556 1060 129 ⁊  li fremi en sont dolant

1841 3740 116 116 E

2018 3685 961 120 ncor ia autres fremis

1884 3813 1228 129 a utres de ceus q̃ ie uous dis

1889 3942 914 124 Qi formicoleon a non

1884 4062 1065 125 D es fremis est cil li lion

1893 4187 1159 171 S i est li plus sages de tous

3224 4761 189 146 li pl'.
