3621 5186
480 363 1112 164 D e cest monde qui nous ocit

480 509 1042 134 Q ant le delit auons amorz

484 622 995 142 L a luxure ⁊  laise dou cors

488 756 896 129 L a gloutonie ⁊  liuresce

488 868 991 138 L aise le delit la richesce

484 985 1095 147 L es palefroiz les cheuax gras

480 1123 1055 130 L a noblesce les riches dras

480 1231 1228 126 T ouz iors nous traions cele part

471 1352 1198 117 D e la uenir nous est ml't tart

467 1456 1125 134 I lueq̃es tant nous delitons

475 1577 1056 121 Q a force nous iendormons

467 1694 1133 125 A donc nous ocit la seraine

467 1815 1228 134 C est li malfeiz qui la nous maine

467 1944 1246 121 Qi tant nous fait plũgier en uices

480 2061 1220 121 Qi l nous endort dedens ses lices

467 2173 1263 121 D ont nous ocit dont nous cort fore

475 2290 1264 121 D õt nous assaut dõt nous deuore

471 2402 1207 121 A usi com les seraines font

475 2510 1251 130 L es maroniers qͥ par mer uõt

475 2623 1220 129 M ais ilia maint maronier

480 2739 1228 126 Qi se seit garder ⁊ gaitier

475 2847 1246 130 Q ant il uait naiant ꝑ la mer

475 2956 1060 121 S es oreilles fait estouper

480 3072 1220 134 Qi l note le chant qͥl decoit

480 3206 1241 117 T out ensem̃t faire le doit

480 3319 1211 121 S ages qui passe par cest mõde

493 3431 1181 121 C hastes se doit tenir ⁊ monde

497 3548 1025 134 S es oreilles doit estouper

484 3669 1224 134 Q' noie dire ne conteir

488 3794 1203 130 C hose qui en pechie le maint

484 3915 1190 143 & ensi se deffendent maint

488 4045 1181 138 L or oreilles ⁊  lor iex gardent

484 4183 1190 130 Q' il ne uoient ni esgardent

493 4300 1064 185 L es delis ne les uaniteiz

1786 350 1255 146 P ar coi plusor sont enchantei

1938 1369 817 113 la nature dou hirecon

1925 1473 934 117 N bestiaire a ml't a dire

1791 1607 1241 108 G rant essample ⁊  bone matire

1795 1707 1047 121 & sentence ⁊ bone raison

1816 1832 1047 134 O R uous dirons de lirecon

1773 1949 1056 129 Qi samble bien .i. porcelet

1804 2065 930 130 Q ant il a larte petitet

1821 2178 1099 129 M l't par est richem̃t armeiz

1786 2299 1060 121 C ar de nat᷑e est espineiz

1791 2411 1150 117 & qnͣt il oit ou uoit ou sent

1795 2519 1216 121 P res delui ou bestes ou gent

1791 2627 1254 134 E n ses armes senclost ⁊  serre

1795 2748 1263 121 P uis ne doute gaires la guerre

1782 2860 1207 113 D õme ne se puet il deffendre

1821 2964 1181 117 M ais se beste le uoloit prendre

1743 3081 1017 121 N esai ꝯm̃t le deuorast

1769 3185 1177 142 Q' malement ne sespinast

1821 3310 1064 130 M l't est cointes li hirecons

1825 3418 1168 134 Qi maint en bois ⁊ en buissons

1825 3543 1069 130 U ne ml't gnͣt cointise fait

1799 3669 1142 129 Q ant sa uiande q̃rre uait

1834 3798 986 126 T oute sa petite aleure

1799 3915 1220 134 S enuait a la uingne meure

1842 4049 1190 134 T ant q̃ la uingne est entreiz

1791 4183 1211 130 O u pl' a de roisins plenteiz

1765 4295 1211 160 S i les cueille si durement

1786 1460 95 147 E
