3686 5182
488 354 1054 133 Q' il chieent espessement

505 483 1050 151 C il est ius aual descendus

492 621 921 130 Qi les roisins a abatus

501 742 1123 125 p ar desus se ueutre ⁊ enu̾se

492 859 1076 121 & dou lonc ⁊ a la trauerse

488 980 1171 129 T ant q̃ li roisin sont fichie

492 1114 1175 121 E n ses broches ⁊ atachie

488 1222 1175 125 Q ant il est chergiez durem̃t

488 1334 1123 125 S i sen reuient ml't belem̃t

483 1446 999 130 A son recet a ses feons

492 1576 1128 125 & tant com dure la saisons

488 1692 985 121 D es pomes fait il autresi

479 1805 1124 133 & des roisins q̃e ie uous di.

445 1938 155 152 B

622 1925 985 130 onᷤ creftiens qui raison as

475 2042 1115 138 C es essamples noblier pas

479 2172 1176 121 M ais gaite toi de lirecon

496 2271 1063 138 D ou t᷑itor cuiu̾t felon

483 2392 1176 134 G arde ta uigne ⁊  ton pomier

479 2508 1171 130 D ou soudiant larron fossier

471 2621 1279 138 D ou malfei qui tousiors engĩgne

471 2742 1253 125 Q' il nait le fruit de ta uingne

479 2858 1063 125 M l't est pensis ⁊ curious

483 2975 1068 116 Q' il ait ton pomier escous

471 3074 1192 138 S e nule bone ourẽgne as faite

492 3195 1003 130 L i diables tousiors agaite

483 3312 981 129 Qi l tait trai ⁊ engingnie

475 3428 1171 143 & boutei en aucun pechie

505 3536 1227 147 T ant quil puisse le fruit escorre

483 3666 1124 138 Qi te doit aidier ⁊  secorre

479 3795 1124 143 D esque li diables aprent

479 3921 1197 155 Q' la cure dou mont te prent

475 4046 1223 147 D e toi bien ens bout̾ se haste

462 4175 1093 151 T ex fruis esꝑitez degaste

458 4301 1287 172 T a uingne ⁊  ton pomier escout

1797 354 1119 138 E nsi te guerroie par tout.

1944 1256 704 108 la nature de lybeu.

1771 1429 117 52 U

1922 1351 1137 138 ns oiseaus est ains ne fu teus

1780 1459 1097 130 Qi en latin a non hybeus

1788 1615 1228 90 S on nõ ne sai en romãs die

1780 1684 1197 146 M ais ml't est de maluaise uie

1780 1813 1197 138 Nꝰ nest pl' hors ne pl' maluais

1806 1943 1050 125 I cil oiseaus son abit fait

1784 2064 1184 125 E n riue destanc ou de meir

1767 2180 1184 125 S auoir se il porroit troueir

1767 2293 1227 125 C harõgne. ou poissons porris

1767 2400 1231 134 C ar de teil uiande ÷ norris

1771 2517 1232 130 L a charõgne q̃ la mers gete

1814 2642 1210 121 H ome ou beste poissõ ou glete

1788 2750 1107 126 S ele lataint si la meniue

1754 2867 1249 121 Q ant est a la riue uenue

1763 2975 1171 134 E n leaue nose pas entrer

1797 3096 1020 121 C ar il ne seit mie noer

1806 3212 1179 134 N e il ne sen uieut entremetre

1788 3333 1102 125 N e en la peure poine metre

1737 3446 1214 129 T ant est maluais ⁊  perecex

1788 3566 1133 126 A la riue est tous fameillex

1745 3687 1033 126 I a u̾s la sil puet ni ira

1745 3813 1262 129 N e bon poisson ni mengera

1776 3977 77 86 B

1901 3929 1119 147 ons crestiens qͥ ueut apͤndͤ

1750 4067 1261 121 D oit a ceste parole entendre

1793 4197 804 117 & si orra q̃ senefie

1797 4309 1214 177 C ist oiseaus de maluaise uie

3227 34 242 333 lxiii

3310 345 207 147 62
