3665 5170
3216 168 280 155 lxiiii

3272 323 220 125 63

468 387 1243 144 D e cest mauuais monde noer

482 514 1166 132 P arce les ꝯuient affondrer

496 643 1279 129 P or dieu segnor or aprendons

482 758 1129 115 E n q̃l guise noer deuons

468 876 1298 114 A dieu qui est haus  ⁊ humaĩs

471 990 1286 127 D euons enhaut leu̾ noz maĩs

476 1108 1224 112 C est li signes q̃ nous portons

485 1226 1183 112 P ar cor u̾s damedieu noons

468 1332 1243 115 S e la nef ne drecoit son uoile

465 1444 1295 118 Q ant el nage au cours delestoile

473 1562 1055 118 E le ne porroit pas sigleir

473 1680 1204 129 L oiseaus ne porroit pas uoler

468 1800 1019 110 S e il ses eles nestendoit

462 1907 1054 129 ⁊ lalune nes descouroit

468 2036 1229 118 T out ensement sachiez ensis

468 2145 927 109 Q ant li fil israel iadis

453 2269 1241 103 C ontre amalec se ꝯbatoient

444 2369 1323 134 & atoutes oeures uainchoient

457 2494 1323 121 C om moyses ses mains leuoit

456 2607 1066 115 & si tost com il les baissoit

473 2725 1017 115 L i yieu erent li piour

473 2834 1230 112 P orce fait moult riche labour

453 2938 1164 106 Qi cest siecle puet trespasseir

448 3064 1177 109 Qi l ne le cõuiengne afondrer

442 3179 1244 106 E ns auersiteiz qui gnͣs sont

444 3282 1302 121 Qi traient hõme en ual parfont

452 3382 1238 137 M l't est uilains qui ci naprẽt

445 3518 996 115 A noer esperitelment

442 3641 1111 115 & des charnex uiandes uit

461 3756 1263 130 O uli mort muerent sãz respit

465 3894 1212 115 S i come dist en leuuangile

453 4015 1120 100 I hũcͥe nr̃e sourains sire

448 4118 1319 151 L aissiez les mors les mors couͥr

459 4256 862 178 E nt̾rer ⁊enseuelir

1803 382 1301 140 & diex qui tout le mõt gou̾ne

1821 508 1177 123 S oit nr̃e uoile ⁊ nr̃e uerne

1800 637 1230 129 Q' nous ꝑ cest monde pesant

1826 761 1189 117 P uissiens passer seurement

1795 878 1212 115 A no. q̃  nous ni perissons

1956 1789 873 138 la nature dou guurpil.

1793 1882 117 186 Asseiz oiauez fabler /.

1961 1921 720 121 Comment renars soloit embler

1769 2042 1086 109 ꝯ m̃ t renars soloit embler

1809 2151 1100 115 L es gelines ꝯstant des noes

1789 2263 1157 115 U olentiers fait trot̾ les oes

1836 2373 1113 130 Des gelines et des chapons

1845 2485 1078 130 Tout ades uit de roberie

1809 2619 1143 103 T out ades uit de roberie

1800 2722 983 121 D e larrecin de tͥcherie

1795 2843 1269 106 T ant est maluais  ⁊ deputaires

1792 2944 1111 112 O iez qen dist li bestiaires

1800 3064 1210 129 L i goupils est ml't artillous

1792 3185 1186 109 Q ant il est auq̃ s famillous

1819 3295 1095 112 Por la faim qui forment lasproie

1819 3399 1250 120 Senuait a une rouge terre

1740 3529 1181 101 S enuait a une rouge t̾re

1789 3636 1215 115 L a se toaille ⁊ ueautͤ ⁊ merre

1819 3756 1250 130 Puis senuait coucher belement

1798 3877 1163 132 P uis senuait couch' belem̃ t

1772 4003 1100 121 E n une place descouerte

1819 4123 1031 133 Dedens son cors retient salame

1777 4256 1258 167 D edens son cors retient salame

1798 990 1352 118 M ais adroit port uenir puissõs.
