3629 5170
3107 116 211 194 lxu

3288 249 151 203 64

433 347 1069 126 L olifans qnͣt il le requiert

428 473 1172 130 C ar desous le uentre le fiert

433 606 1276 129 D ou pie trenchant com alemele

436 726 1075 121 S i form̃ t q̃e tout lesboele

425 850 1103 117 C este beste est de tell uigor

408 973 945 118 Q' le ne doute ueneor

413 1102 1118 104 C il qui la uoelent en lacier

422 1209 1092 120 Il auont pͬmes por espier

416 1332 1080 98 Q ant elest endeduit alee

416 1438 1195 113 O u en montẽgne ou en ualee

439 1559 1239 112 Q ãt il ont trouei son repaire

430 1683 1006 117 & bien auisei son afaire

433 1803 1095 112 S i uont por une demoisele

410 1912 1141 118 Qi seuent bien qui est pucele

422 2030 1164 106 P uis la font seoir ⁊ atendre

413 2139 1196 115 A urecet por la beste prendre

425 2246 1250 123 Q ant lunicorne est reuenue

410 2369 865 109 & la pucele ueue

405 2472 1318 138 D roit ali uient tout maintenãt

408 2599 1258 115 S i se someille enson deuant

408 2719 1037 101 & la demoisele la prent

408 2832 1020 100 C ome cele qali se rent

416 2944 1032 94 A la pucele ioue tant

416 3061 1259 112 Q endormis est en son deuant

396 3182 1282 112 A tant saillent cil qui lespient

422 3300 1210 115 I luec le prenẽt si locient

409 3407 1237 125 Puis la mainẽt  deuant le roi

425 3535 1175 106 T restout aforce ⁊ a desroi

409 3653 103 129 I

555 3653 1039 125 ceste est m̾ueilleuse beste

428 3779 1034 118 Qi une corne a en la teste

416 3906 836 115 S enefie nr̃e segnor

405 4032 965 112 I hesucͬst nr̃e sauueor

405 4156 1077 123 C est lunicorne esperitel

413 4276 963 158 Qi en la uirge pͬst ostel

1787 347 1186 144 Qi tant est de grant dignitet

1775 473 1003 138 E ncesti pͬst humanitei

1792 620 1127 118 P arcoi au monde saparut

1778 743 1089 110 S es pueples mie ne le crut

1790 853 1169 132 D es gieus . ancois lespiierent

1775 985 1066 126 & puis lepͬrent ⁊ liierent

1769 1111 1184 109 D euant pylate le menerent

1769 1220 1167 112 & iluec a mort le dãpnerent

1772 1332 1061 112 C ele corne tãt seulement

1767 1444 1158 118 Q' la beste a tout uraiem̃ t

1767 1568 870 115 S enefie lumanitei

1752 1683 1098 120 S i cõ diex dist par ueritei

1761 1803 1152 127 e n leunͣgile aperte ⁊ cleire

1758 1924 1146 121 N ous sõmes cõ ui . ⁊ lipeire

1744 2039 1152 115 & li bons prestres zacharie

1752 2139 1259 135 A ins q̃ diex nasquist de marie

1749 2260 1112 126 D ist q̃ en la maison daui

1758 2378 1202 129 S on bon enfant ⁊ son ami

1780 2503 948 116 L ametra ih̃ ccͬs son cors

1758 2615 1103 107 & diex meismes dist encors

1758 2717 1207 117 P ar dauid qui le crie ⁊ corne

1741 2840 1149 98 S i com li cors de lunicorne

1723 2952 1187 101 S era li miens cors essaucies

1741 3073 1123 103 S i cõ diex la conuienancie

1735 3199 1109 104 F u ceste parole a complie

1712 3323 1072 100 & li dist en la prophetie

1749 3420 970 121 Q ant ih̾ccͬs fu coronei:

1712 3544 1083 112 & en la uraie crois poseiz

1726 3662 1161 117 L a grãt angoisse senefie

1706 3788 1253 123 D onc ceste ueste est reamplie

1729 3909 1023 114 C e q̃  on ne porroit sauoir

1706 4041 1184 120 L es poesteiz dou ciel por uoir

1701 4173 971 106 T rone ne domination

1712 4296 1029 132 L ueure de lincarnation
