3606 5195
479 352 1111 132 O nq̃s ne sot noie ne sente

485 481 1146 133 L i diables qui gnͣt entente

464 626 1034 121 M ist au sauoir ⁊ sutilla

482 750 1074 112 A ins ne sot com̃ t ce ala

473 854 1204 138 M l't fist diex gnͣt humilitei

472 991 1231 134 Q ant por nous pͬst humanitei

476 1114 1071 115 E nsi com il meisme dist

473 1229 1086 113 & en leunͣgile est escrist

473 1339 1198 124 D e moi ce dist diex aprenez

476 1460 984 118 Q' entre uous ici ueeiz

485 1572 1163 127 ꝯ ment ie sui humles ⁊ douz

499 1699 1149 116 S oeiz de cuer ⁊ po estouz

493 1812 1250 130 S eul par la uolentei dou pere

508 1942 1238 121 P assa diex par la uirge mere

496 2054 1268 122 & laparole fu chars faite

493 2170 1014 118 Q' uirginitei niot fraite

490 2282 1187 125 & habita en nous meismes

505 2401 1189 124 Si q̃  sa grãt gloire ueismes

511 2522 1146 118 S i come dou urai engenrei

525 2643 1250 104 P lain de grace . ⁊ de bontei

661 3457 791 113 La nature dou bieure

472 3510 143 182 D

643 3578 1014 107 une beste qui anon bieure

508 3691 1163 118 I. petit cuit pl' gnͣt que lieure

494 3805 1100 125 M l't soeif  ⁊ durem̃ t sage

513 3933 1193 119 N est pas pͬuee mais sauuage

513 4063 1095 113 S i fait on de ses genetaires

508 4196 1068 115 M ecines aplusors afaires

531 4317 1114 142 Q ant de ueneor est chacie

1790 357 1004 136 & de si trespres enchaucie

1798 490 1100 127 Q ant noit q̃ ne puet eschaꝑ

1790 626 1042 115 D ont se haste de tost aler

1784 744 1261 118 S es m̃  bres detrenche a .I. mors

1778 862 1227 127 E ntel guise raient son cors

1829 995 1157 126 T ant li a diex donet de grace

1795 1119 1233 116 Q' bien seit por coi on le chace

1804 1232 1140 118 S i se raient li chierement

1813 1344 1192 122 P ar ses m̃ bres tout uraiem̃ t

1810 1469 1183 109 D euant les ueneors les laisse

1795 1590 1100 107 & li ueneres ne les laisse

1821 1699 1291 130 N oient auant ains le guerpist

1804 1826 901 113 C ar a donc qͥl a quist

1790 1942 1097 115 En tel guise raient sa uie

1792 2060 1123 113 ⁊ son cors par une partie

1807 2170 1039 110 & se autre fois auenoit

1810 2285 1065 113 Q' il fust en itel destroit

1821 2398 927 121 & q̃ ueneres le chacast

1821 2516 944 113 Qi les m̃ bres iespirast

1837 2623 1144 121 Qa nt uenroit a lestiͦ t besõg

1813 2744 1131 116 Qi l ne porroit fuir pl' long

1804 2860 1166 106 T restous enũs se torneroit

1798 2972 1146 107 & au ueneor mõsterroit

1813 3085 1076 118 Q' rien nia de son espoir

1810 3206 1183 121 E nsi le lait uif remenoir

1824 3385 139 108 A

1969 3327 1001 119 utresi oeurent sagem̃ t

1787 3443 1293 127 L i sage home tout uraiem̃ t

1827 3567 1262 112 Q ant les enchauce li ueneres

1844 3685 1181 124 L i souduians li cuu̾s leres

1836 3821 1169 101 Qi tout ades le mal porchace

1830 3942 1163 112 M ais il li gietent en la face

1839 4063 1189 121 C e qui est sien. ce est a dire

1839 4199 990 109 F ornication auoutire

1847 4320 1074 127 T oute meniere de pechie
