3606 5195
505.0 297.0 1198.0 138.0 A ins est puans maluais ⁊ ors

496.0 432.0 1025.0 119.0 C ar ele meniue les cors

490.0 559.0 962.0 130.0 & en lor sepout᷑      habite

496.0 678.0 1181.0 127.0 T restous ceus deuore ⁊  soubite

493.0 796.0 875.0 127.0 A cui ele puet auenir

502.0 923.0 1126.0 127.0 P or ce se fait ml't bon tenir

496.0 1041.0 852.0 122.0 D e ceste beste si haie

490.0 1142.0 1100.0 156.0 D ist li prophetes geremie

496.0 1267.0 1227.0 147.0 L a fosse au hyenne sauuage

489.0 1381.0 1071.0 142.0 C e est dit il mes heritage

498.0 1502.0 1044.0 130.0 U ne beste porte seur lueil

487.0 1619.0 1100.0 132.0 C ele beste dont dire uueil

476.0 1748.0 1071.0 142.0 Qi sor la langue la tenroit

485.0 1881.0 1076.0 127.0 O n dist quil adeuineroit

490.0 1985.0 1106.0 130.0 L es choses qui auenir sont

476.0 2103.0 1152.0 139.0 D es auentures de cest mont

490.0 2228.0 1034.0 144.0 I ceste beste a .ii. natures

487.0 2349.0 1112.0 121.0 Qi habite en sepoutures

490.0 2456.0 1207.0 127.0 I a de teiles parleir norreiz

482.0 2565.0 1247.0 130.0 O n dist q̃uous la trouereiz

485.0 2675.0 1183.0 144.0 U ne fois malle autre femele

493.0 2796.0 1221.0 130.0 & as traians ⁊ a memeles

493.0 2897.0 1239.0 153.0 G rãt m̾ueille est estrangem̃ t

493.0 3021.0 1129.0 153.0 Q' si change son errement.

617.0 3160.0 887.0 135.0 este beste ne douteiz mie

450.0 3160.0 126.0 95.0 C

496.0 3272.0 731.0 136.0 L es filx isrl' senefie

493.0 3396.0 1129.0 142.0 Qi bien crurent premierement

499.0 3526.0 1010.0 127.0 O u pere urai omnipotent

493.0 3650.0 1019.0 130.0 & loiaum̃ t alui se tinrent

493.0 3766.0 1184.0 133.0 M ais apres femeles deiuirrent

505.0 3884.0 1030.0 136.0 Q ant il furent soef norri

511.0 4011.0 845.0 121.0 & as delices assenti

499.0 4135.0 921.0 142.0 A la char ⁊ a la luxure

516.0 4271.0 1106.0 159.0 P uis norent de damedieu c᷑ e

1792.0 317.0 1239.0 144.0 A ins le guerpirent si foleirent

1801.0 447.0 976.0 124.0 S i q̃ les idres aorerent

1807.0 565.0 1160.0 159.0 M l't la gent si com moi sãble

1804.0 704.0 967.0 130.0 Qi a ceste beste resamble

1815.0 825.0 1190.0 133.0 S i uous dirai q̃l gent ce sont

1795.0 940.0 1190.0 148.0 T rop grant plentei en a ou mõt

1798.0 1064.0 1103.0 130.0 Qi ne sont malles ne femeles

1810.0 1177.0 1160.0 141.0 E n dis en oeures sont femeles

1798.0 1292.0 1204.0 156.0 D oubles ⁊ faus nient creable

1842.0 1402.0 1213.0 160.0 & en nul lieu ne sont estable

1789.0 1528.0 1244.0 151.0 D e cex parole salemons

1798.0 1650.0 1256.0 150.0 Qi fist le liure des sermons

1810.0 1789.0 1209.0 133.0 L i hõ doubles faus ⁊ fẽgnanz

1795.0 1910.0 1181.0 136.0 Qi nule hore nest par menanz

1798.0 2028.0 1227.0 130.0 E n riens quil face ne quil die

1798.0 2141.0 1233.0 133.0 M l't par est de maluaise uie

1784.0 2268.0 1192.0 113.0 S eruir uieut auous ⁊ amoi

1792.0 2372.0 1115.0 121.0 A nul de nous ne porte foi

1803.0 2484.0 970.0 117.0 I hũcͬz nr̃es souerains

1804.0 2591.0 1077.0 130.0 Qest pere ⁊ filx ⁊espris sains

1790.0 2710.0 1175.0 124.0 D ist teil parole en leuangile

1787.0 2825.0 1117.0 130.0 Qo n ne doit pas tenir aguile

1781.0 2930.0 1044.0 126.0 Nꝰ hõ a ii segnors seruir

1778.0 3059.0 1106.0 121.0 N e puet soufire ne soufrir

1787.0 3171.0 1045.0 130.0 L un amera lautͤ harra

1795.0 3307.0 1017.0 118.0 C e q̃ diex dist ia ne fera

1801.0 3425.0 1037.0 127.0 L un uolra despire ⁊ hair

1811 3541 1062 147 & lautre am̾  ⁊ sousteniR
