3611 5170
3076 94 298 173 lxuiii

3223 271 224 177 67

405 350 988 126 Qi na ne borde ne maisons

413 471 951 129 A dieu le faisons purem̃ t

425 591 928 150 Qi le recoit benignement

433 712 940 135 C ar si com il meismes dist

425 830 942 126 & en leuangile est escrit

425 944 1120 141 Qa nt tout le mont iug̾  uenra

413 1065 1040 132 A ceaus de destre part dira

422 1180 1040 126 U eneiz li beneoit mõ pere

416 1301 1092 129 E n sa maison q̃st bele ⁊ clere

419 1424 908 124 Qi appareillie uous fu

419 1548 1066 112 A ncois que fussiez conceu

430 1665 1149 124 Q ant nu ⁊ poure me ueistes

436 1792 1112 120 D ont me peustes ⁊ uestires

425 1912 1215 121 Q ant ie oi soif uous mabeurastes

422 2027 1224 130 H ostes fui uous me harbreiastes

448 2145 976 124 P or ce en aueiz deseruie

448 2260 916 121 I oie ⁊ pardurable uie

430 2369 1012 121 C es bones paroles orront

430 2484 1138 118 C il qui a destre part seront

453 2593 1020 124 I tex paroles norront mie

439 2714 997 115 C il de la senestre partie

445 2826 1126 123 I l naront pas itel promesse

430 2935 1141 126 A ncois orront ml't felenesse

428 3061 1137 109 G ens de male arie diex dira

413 3170 1043 118 A leiz en feu qui ne faura

422 3291 1080 109 A ins neustes pitie de moi

419 3406 1040 112 Q ant ie auoie faim ⁊ soi

445 3521 1002 109 N e me uolsistes harbreg̾

448 3639 1011 123 N e don̾ boiure na meng̾

436 3774 816 117 U isiteir ne enseuelir

439 3906 1097 109 N e moi chaucier ne reuestir

425 4018 1109 115 D ont diront cil sire merci

436 4136 1192 117 Q ant uous ueismes nous ensi

439 4259 1155 181 D iex respondra a la persone

1729 324 1316 129 Q ant uous ueistes le poure hõme

1732 459 1209 109 O u poure fame ou orphenim

1737 588 914 115 O u mesaaisie pelerin

1752 706 1163 112 Qi por mamor q̃ roit dou bien

1743 830 1080 103 ⁊ uous ne lenfeistes rien

1720 944 1187 118 D ont me ueistes pain q̃rant

1729 1071 988 115 & poure pelerin errant

1740 1174 1147 129 P or ce irez en ual parfont

1723 1298 1086 103 O u Sathan  ⁊ diable sont

1732 1410 1224 118 C il lieus uous est appareilliez

1746 1536 1181 112 D es q̃  li mons fu commenciez

1760 1654 1135 123 P or dieu segnor entendeiz ci

1737 1777 1032 115 Qi tantes fois aueiz oi

1743 1904 1215 120 Q' larmone estaint le pechie

1737 2016 1112 132 F aites bien au mesaaisie

1740 2136 1083 112 Q' il por dieu uous req̃rra

1749 2246 1186 117 O iez q̃el bien uous enuenra

1749 2352 1235 115 D iex uous enmetra a sa destre

1735 2467 1221 123 A mont en la gloire celestre

1735 2582 1042 112 A la ioie qui ne faudra

1735 2694 1180 123 M ais ades sans fin durera

1735 2811 1206 115 & diex nous doinst ensi ourer

1735 2912 1195 126 Q' la puissiens sans fin regn̾

1861 3771 1026 120 La nature de lasne sauuage

1693 3834 181 129 D

1746 3891 1066 130 e lasne sauuage dirons

1726 4021 1189 109 Le uoir q̃  ia nen mentirons

1726 4141 1161 112 S i cõ li liures nous aprent

1720 4270 1259 144 Qi ne faut pas ne ne i mesprent
