3606 5195
505 323 1201 115 D e moustrer essamples nõ fables

502 453 1048 104 B ones uraies ⁊ delitables

493 582 1057 110 L i liures nest mie doiseuses

487 712 959 101 E ssamples ia deliteuses

493 836 1005 99 O u il a ml't riche matere

496 955 1218 112 D ont nous faisons la letre clere

487 1079 1184 110 E n desers daufrique la grant

485 1191 1172 113 T rueue len qui les uait q̃rant

493 1301 1141 116 I ces asnes dont ie uous cont

482 1419 1180 116 S i na si grans en tout le mont

476 1541 941 106 & si ne sont mie iteus

473 1659 1120 115 E n desers ne en bois rameus

476 1783 1181 127 E n ualees ⁊ en montaignes

482 1904 1264 142 S ont li haraz a granz ꝯpaignes

464 2028 1181 116 E n chascun haraz finement

473 2153 1146 112 N a fors .i. malle seulement

464 2265 1080 104 & cil les femeles maistroie

459 2363 1128 119 & en la plaine ⁊ en larbroie

464 2479 1057 115 E n haraz na qun estalon

464 2600 996 107 & qant lafemele a foon

467 2712 1100 107 S e femele est femele soit

467 2822 1068 118 M ais se li peres aparcoit

464 2926 1253 127 Q il soit malles ne targe gaires

476 3036 961 138 Qi lli colpe les genetaires

467 3189 1175 104 A ses dens car il ne uieut mie

496 3293 1002 115 I e cuit q̃ ce soit ialousie

476 3408 1071 124 Qi lait ses m̃ bres tãt creuz

479 3535 981 118 Q' les haraz saillir peust

485 3658 1257 151 Q ant li mois de marz est entreiz

493 3795 993 121 & xxu. ior sont passei

493 3907 1219 136 D ont rechene lasnes sauuage

487 4037 1199 133 O u en plaines ou en boschage

493 4164 976 116 L e ior rechene xii foiz

482 4285 1004 130 & la nuit .xii. ce sachoiz

1792 329 1222 135 D ont seuent bien li paisant

1815 450 1196 135 Qi pres dilueq̃s sont menant

1813 582 1146 136 Q' lors sont les nuis ⁊ li iour

1804 709 1109 130 D un estat  ⁊ dune longour

1833 828 785 138 pͦ  le ior q̃  xii. foiz cͬe

1795 961 1210 153 D es la iornant iusqa complie

1769 1090 1141 116 X ii. fois la nuit ensement

1795 1200 1201 127 Q uenoissent il tout uraiem̃ t

1803 1320 78 138 I

1914 1321 944 113 ceste beste par droiture

1813 1443 1085 109 P orte dou maufei la figure

1815 1567 1112 112 I ob raconte q̃  nauient mie

1798 1676 1224 122 Q asnes sauuages braie ⁊crie

1821 1803 1155 127 N ule fois se fains ne lasproie

1784 1930 1233 133 A utresi cil qui nous guerroie

1818 2052 1089 115 N r̃e anemis nr̃e auersaire

1798 2164 1091 116 Qi ne fine de nous malfaire

1810 2280 1235 118 P or cui sains peres nous chastie

1790 2392 1212 107 Q' nous ne nous endormõs mie

1790 2505 1146 115 M ais q̃ nous ueillons  ⁊ ouron

1784 2623 1238 113 C ar tous iors nous uait enuirõ

1790 2736 1022 121 C õme lions por deuorer

1798 2837 1247 138 S e sans garde nous puet trou̾

1775 2958 1123 121 Q ant il uoit le pueple uenir

1790 3079 1045 101 A la loi dieu ⁊ conuertir

1790 3200 1123 104 Qi estoit enlombre de mort

1792 3313 1072 121 & entenebres sanz  ꝯfort

1795 3425 1063 119 D ont ot duel ⁊si rechena

1792 3547 965 121 & encor plus rechenera

1798 3653 1201 152 Q ant il uerra toute la gent

1801 3806 1181 119 U enir adieu ꝯmunement

1790 3939 1166 110 Q ant il uerra les arrabis

1795 4054 993 122 & les paiens ⁊ les iuis

1798 4187 1175 113 A la loi dieu trestous torner

1813 4300 1209 144 D ont porra braire ⁊ rechener
