2535 3735
351 361 757 121 raisonnables. Et ce auõs noꝰ

348 441 741 109 ou .i. de genesi. quant diex

342 504 769 112 dist. faisons hõme a nr̃e yma

348 585 732 112 ge ⁊ a nrẽ semblance q̃ il sei

342 669 772 112 gnourie as poissons de la mer

342 750 763 96 et as oisiaus du ciel. et as be

342 824 741 103 stes de la terre. naturelemẽt

342 893 779 109 equite est entre hõmes nõ mie

342 977 754 106 hautesce. Gregor̾. Par natu

342 1055 757 109 re touz hõmes sont pareilz.

333 1129 791 100 Item il dist. hautesce nest pas

342 1213 782 91 donnee a hõme que il seignou

336 1285 760 100 rie as hõmes. mais as bestes

342 1363 757 99 de la terre et as oysiaus ⁊ as

336 1425 763 115 poissõs. Cest a sauoir as hõ

336 1515 760 97 mes pour ce que il regardent

333 1584 735 102 la face de eulz. La ou nous

330 1662 753 93 ne forfesons nous sõmes e

333 1736 750 103 gaus. cõme hautesce la q̃lle

333 1811 732 96 młt aiment. Et subiection

330 1883 772 93 la quelle młt fuient sentre a

330 1951 788 112 compaignent. Tel apetit nest

330 2044 753 97 pas loable par lequel aucũ

333 2110 753 102 requiert hautesce ꝑ subiectiõ

333 2191 747 99 dautre se il ne ueille ce pour

333 2265 775 91 lordenem̃t de dieu ⁊ pour le ꝓ

336 2343 744 94 fist du pueple. Cest apetit

342 2418 766 87 nest pas naturel ne de uertu

342 2493 769 99 mais de ⟦u̾tu⟧ uice. Et ce auez

342 2567 772 97 uous ou p̾mier chapitre ⁊ ou

342 2642 754 109 .xiiii. en lepistre que .S̾. pol.

342 2729 776 140 enuoia a cil de corinthe. Cha

1283 130 193 147 liure

1264 370 735 93 rite nest pas conuoiteuse. il

1270 435 723 97 ne loist pas a hõme uouloir

1270 516 723 100 a autrui mal pour son bien.

1267 582 716 105 Le sage. Se tu uoiz la sou

1273 675 723 90 riz seignourier a autres sou

1273 750 723 96 riz ne ten ri pas. Cest a dire

1273 818 710 106 se tu uois hõme a autre do

1276 902 692 94 magier et seignourier sur

1273 971 692 99 li si nen tiens conte. Ph̾.

1276 1045 704 97 Cruaute est ꝑforcier cil en

1267 1117 729 106 ẜuise les quiex une meismes

1270 1204 735 90 nature ioint estre freres. cest

1273 1276 720 96 a sauoit de ceulz de quiex el

1270 1347 701 109 le a monstre estre ꝯuẽcion

1273 1441 720 96 ensemble ⁋ Ceste poeste a

1270 1512 744 94 młt de nõ puissance ꝯme elle

1267 1578 723 105 depende des songiez. De ce dit

1261 1649 735 97 Boece. De nulle ualeur est

1273 1727 729 100 poeste terrienne se obedience

1270 1799 707 99 deffaut es songiez. de quoy

1273 1876 707 103 lobediẽce est meilleur par

1273 1945 738 106 amour q̃  ꝑpaour. Ceulz qui

1270 2029 723 103 sõt reputez de gnͣt poeste ne

1273 2107 729 105 se pueẽt pas defendre des pri

1273 2178 732 109 ces ⁊ des mousches ainz sõt

1276 2259 707 90 plus enf̾mes dautres gens.

1273 2325 701 96 et de la ꝑtie du corps et de

1276 2402 695 100 lame. De la ꝑtie de lame.

1276 2474 732 103 qrͣ il pueẽt moĩs ꝯtrester au

1276 2549 732 102 dyable ⁊ a ses uices. De la

1279 2626 701 109 ꝑtie du corps que plus le

1261 2689 729 143 gier sõt malades et moĩs

2050 201 101 76 3
