2519 3763
310 401 772 103 ec̾c .x. De ce aꝑt il que nobles

310 479 762 101 ce est louable en prince. Mes

307 548 734 110 pour ce q̃ młt errent enuirõ

307 627 747 100 nobilite creans ceulz estre no

304 693 750 94 bles qui ne le sont pas. il est

301 768 737 100 a touchier des erreurs des hõ

298 849 737 104 mes enuirõ nobilite et est

294 928 760 97 a desclairier ⟦enuirõ⟧ que soit

294 1009 744 97 uraie nobilite et les signes

294 1088 741 91 sont a metre. Une foloiãce

294 1163 722 94 enuiron nobilite est q̃ młt

298 1232 718 103 croieur eulz ou autres estre

298 1310 712 88 nobles pour la noblesce du

301 1379 727 104 corps ia soit ce que il naiẽt

298 1458 737 100 pas noble pensee. ainz sont

301 1539 749 82 aussi ꝯme ẜganz des uices au

298 1602 730 100 dyable. sap̾. Il nest pas de

301 1683 727 104 quoy aucun se doie blandir

304 1762 702 91 de la noblete de son linage

304 1834 718 97 mais de la meilleur ꝑtie de li

301 1903 740 100 soit ẜiant. Młt est moĩs di

301 1981 712 94 gne chose ẜuir a la pensee q̃

298 2057 752 97 au corps. Augꝰ. Le mauuais

307 2135 734 100 est serf dautant de seigneurs

307 2210 734 97 ꝯme de uices. B̾. Dont est

304 2279 718 97 ẜgiant cil a qui iniquite sei

304 2361 731 91 gneurie. et meismem̃t se tu

310 2427 737 91 iuges ꝑ auẽture ne mie droi

310 2508 731 88 tem̃t lõme le uice doit a toy

313 2571 747 97 seignourier. La .ii. erreur est

313 2649 712 97 qnͣt aucuns reputẽt aucun

310 2725 731 125 estre noble pour estnͣge nobi

1217 181 238 160 liure

1232 413 703 101 lite. aucun nest pas sage

1232 473 738 103 pour la sagesce que sõ pere

1229 548 703 97 ot. si ꝯme il ꝑt au filz de

1226 620 772 101 salemõ qui fu trop fol ia soit

1229 702 709 107 ce q̃ le pere fust tres sages.

1223 771 721 107 Ne aucun nest pas riche po᷑

1226 852 684 104 les richesces que ses ꝑens

1223 931 715 106 ont eues qui ne soient pas

1223 1009 715 107 uenues a lui. et en tel ma

1220 1084 734 101 n̾e nest pas aucun noble po᷑

1220 1166 756 94 la nobilite que ses ꝑens aiẽt

1220 1241 712 94 eue. ains en forligne. sap̃.

1220 1320 715 103 Nulz hons na uescu en nr̃e

1217 1398 724 97 gloire ne il nest pas ce qui a

1217 1470 702 91 este deuãt nous ne nr̃e co

1217 1539 690 94 rage ne le fait pas noble.

1188 1611 719 98 ⁋ La .iii. erreur est que lẽ

1214 1687 705 106 croit aucũs estre nobles po᷑

1217 1774 699 94 ce q̃ il ont eu naissance de

1214 1837 693 100 nobles. laquelle erreur ⟦ne⟧

1214 1912 696 94 puet estre faite aꝑte ẽ młt

1217 1988 690 97 de man̾es. Premierem̃t q̃

1214 2063 724 94 le regart soit en la p̾mie

1217 2138 740 94 re cause cest a sauoir a dieu.

1220 2220 731 81 noꝰ auõs touz naissãce dũ.

1217 2289 718 100 Dõq̃s qnͣt a ce touz hõmes

1217 2355 721 94 sõt egaum̃t nobles. Mala

1217 2436 727 88 ch̾ .ii. Ne nous crea .i. dieu

1207 2505 715 94 touz. Pour quoy despit dõ

1217 2587 731 100 q̃s aucun de nous son frere.

1201 2662 728 91 Se len a regart a la p̾mie

1223 2743 712 110 re cause criee nous auõs toꝰ

2051 228 72 94 .ii.
