5273 6932
1300 566 995 208 fait ascanus. Ainz a ce fait

1312 750 977 116 dyalogus de rõme. Et sachi

1318 854 977 104 ez que se il ne leust fait. Si

1318 947 988 104 croy ie bien que ascanus en

1318 1039 1012 116 eust fait son pooir. tout en

1324 1138 1011 109 autel maniere ꝯme il auoit

1324 1230 1000 139 fait deuant au passer. Or noꝰ

1324 1351 1000 110 dites damoisele par courtoi

1324 1438 965 133 sie qui vous estes. Car mlt'

1509 1548 769 115 volentiers lesaurions

1324 1657 982 127 et puis apres si vous saue

1335 1761 977 127 rons mielz a metre araisõ

1341 1865 989 122 daucunes choses que nous

1347 1969 959 116 voulons de vous sauoir.

1335 2044 983 133 Sire dist ele et ie le vous di

1341 2172 971 121 rai. Car bien est droiz que

1347 2270 1023 115 vous le sachiez. Mes peres

1347 2379 988 116 qui encore vit fu freres ị

1347 2478 954 115 Melsius. Celui qui tant

1347 2559 977 127 iours serui mõ seigneur

1347 2668 965 122 lempereour de costentin

1352 2790 989 115 noble vostre pere ⁊ vous

1352 2888 972 110 et fui mandee chiez le dit

1347 2974 971 122 Melsius. pour garder vostͤ

1358 3090 954 116 sereur Cassidoire. ⁊ dorus

1364 3182 960 116 vostre petit frere. quant

1358 3281 960 133 li traiteur li desloial les

1364 3390 960 122 en firent rauir arõme.

1352 3500 983 116 Simen repairai chiez mõ

1370 3604 942 121 pere toute courouciee ou

1364 3708 989 110 iai puis eu mains courrouz

1364 3806 954 110 ⁊ tout pour la terre qui a

1370 3905 948 109 ainssi estre menee. Mais

1364 3991 1012 127 se diex plest or reuendrõt

1376 4112 988 110 les choses apoint et ouchas

1381 4205 983 127 cun aura son loier selonc

1381 4320 914 122 ce que il aura desserui.

1607 4413 711 144 vant helcanus la en

1613 4517 699 127 tendue si a souspire

1387 4615 977 139 pour lamour de lui ⁊ de sõ

1381 4736 1012 133 bon oncle. Silimist les braz

1393 4858 948 109 au col et li dist. Madouce

1393 4956 937 127 amie vous soies la bien

1393 5066 948 121 venue. Or sachiez que ie

1387 5175 948 127 vous en ai mlt' plus chie

1387 5279 971 122 re. Mais or me dites vostͤ

1393 5389 965 133 non. Sires iai non Melo

1393 5499 977 110 de. Or medites ma douce

1393 5603 937 115 amie queles nouueles.

1399 5701 988 139 vous me direz de ceulz qui

2515 537 982 237 alerent ou message. Si

2520 750 995 116 redist ele au passer queli

2526 843 943 121 message firent. Ascanus

2526 947 937 110 les fist guetier.et bien les

2526 1051 943 104 cuida faire prendre ou me

2520 1114 989 145 tre amort. Mais il sen par

2526 1247 971 116 tirent entele maniere quil

2526 1351 943 110 ni perdirent se poi non. Si

2532 1449 954 110 avint par auenture que

2526 1553 954 116 il sembatirent seur nous

2532 1652 960 127 Et quant ie soi que il estoi

2532 1767 960 110 ent a vous. Sachiez que ie

2538 1865 954 116 leur fis toute la courtoisi

2538 1969 954 110 e que ie onques leur poi fe

2538 2068 977 115 re. Ie leur priai q̃il repairas

2538 2172 948 109 sent par deuers moi. ⁊ il le

2543 2252 972 127 morent en couuent. Mais

2543 2368 972 115 puis ala lachose en tele ma

2543 2472 949 121 niere que li vns qui sires

2549 2582 948 109 estoit deulz. fist vne batail

2555 2686 954 121 le en costentinnoble queil

2549 2795 943 104 outra. ⁊ la durent il estre

2549 2894 966 109 mort. Car vns dyalogus

2543 2992 972 115 les gaita a tout gnͣt gent

2549 3096 931 121 Mais il furent secorus de

2555 3200 960 115 gasus qui souuerainz bail

2555 3298 948 116 liz est du pays. Quant dy

2555 3402 931 121 alogus vit quela nepor

2555 3500 937 121 roit il riens faire. Sisen

2561 3598 994 122 vint auec ceulz qui la furẽt

2561 3708 954 110 et les prist au repairier en

2561 3801 965 115 tel maniere a signͣt foison

2561 3905 971 115 degent que il norent pooir

2561 3997 971 133 deulz desfendre en maniere

2561 4107 977 133 que il empeussent eschaper

2567 4216 930 122 ainz furent touz occis et

2567 4326 942 110 detrenchie fors .ii. qui sen

2567 4430 942 110 eschaperent. si naurez et

2567 4523 988 132 si decoupez queil nẽ pooiẽt

2561 4632 989 122 plus sanz mort. Cil semba

2567 4748 994 127 tirent par auenture chiez

2567 4858 965 115 ydoine vostre bon ami. Et

2572 4950 983 127 la soi ie que il estoient siles

2561 5071 1017 122 enuoia querre. et les garda

2555 5175 989 133 itant que diex en a fait sa

2561 5291 393 127 volente.

2815 5383 682 127 Vant helcanus ⁊ son

2798 5505 711 109 cousin ont entendu

2567 5591 977 127 la damoisele si ont leur du

2578 5707 943 237 el renouuele. Et qnͣt la

3671 571 948 179 pucele vit ce. siliemprist

3683 733 948 133 mlt' gnͣt pitie. Et vit biẽ

3688 843 914 115 que il estoient ambedeus

3694 941 937 116 merueilleusemẽt courou

3688 1045 937 116 cie ⁊ trouble. Sileur dist.

3688 1138 949 109 biaus seigneurs ne faites o

3688 1247 972 110 re duel. Ia sauiez vous bien

3694 1345 925 110 quil estoient mort. Par

3694 1449 960 110 dieu distrent il onques ma

3694 1548 954 115 is nenfumes si certain. Ma

3694 1652 966 115 is pour dieu ce nous dites.

3688 1756 960 132 li quel ce furent qui escha

3700 1877 965 110 perent et qui morurent chi

3694 1969 960 110 ez vous. Sire dist elle cil qui

3694 2068 931 109 eschaperent delabataille

3700 2166 1000 121 ce fu Mirrus ⁊ Elygius. Ha:

3706 2276 919 103 las dist helcanus. ce sont

3700 2374 942 109 li dui dont ia ͥ le cuer plus

3711 2472 920 121 couroucie. et tant dolent

3706 2576 959 121 que iamais ne sera oublie.

3717 2680 948 121 Lors ꝯmence trop piteuse

3711 2795 937 110 ment a regreter Mirrus

3706 2882 983 121 et les autres. Sire dist lors

3711 2992 931 127 la pucele se vous me vou

3711 3096 949 121 liez donner .i. don. tel que

3711 3206 954 121 ie demanderoie. le vous mo

3717 3310 972 109 usterroie ia tel chose quicest

3723 3408 914 115 duel vous feroit alegier.

3717 3512 954 115 Certes damoisele et ie tan

3723 3610 994 127 tost le vous otroi. Sire dist

3723 3720 966 115 ele mlt' gnͣs merciz. Dont

3729 3812 942 121 prist les .ii. cousins par les

3729 3916 948 116 mains et les a mener au pa

3735 4020 913 116 ueillon ou li dui cheualier

3735 4124 925 121 atendoient lapucele touz

3740 4216 949 162 armez seur leur cheuaus.

3740 4332 914 127 Biaus seigneurs dist ele. ⁊

3746 4442 908 115 dont ne sont cist aussi bel

3746 4546 914 121 par semblant ꝯme Myrrꝰ

3740 4650 972 121 et eligius estoient. Certes

3746 4754 943 127 distrent il nous creons que

3746 4858 966 156 oil. Mais nous espoir amis

3740 4962 914 127 sons miex ceulz qui mors

3746 5060 931 144 sont seil fussent en vie. A

3746 5181 966 139 dont dist lapucele. si haut

3752 5302 931 128 que bien lentendirent q̃il

3758 5401 965 138 descendissent deleur cheuaꝰ

3752 5516 937 122 et venissent ali. Mainte

3763 5632 902 115 nant ont mis pie a t're

3752 5730 942 179 et baillierent leur cheuaꝰ
