5273 6932
1289 635 1006 156 fait ascanus. Ainz a ce fait

1295 733 988 150 dyalogus de rõme. Et sachi

1306 843 983 127 ez que se il ne leust fait. Si

1312 924 989 144 croy ie bien que ascanus en

1300 1028 1024 144 eust fait son pooir. tout en

1300 1114 1030 162 autel maniere ꝯme il auoit

1300 1207 1018 162 fait deuant au passer. Or noꝰ

1312 1328 1006 156 dites damoisele par courtoi

1300 1432 983 139 sie qui vous estes. Car mlt'

1497 1530 781 151 volentiers lesaurions

1300 1646 1006 138 et puis apres si vous saue

1312 1733 994 173 rons mielz a metre araisõ

1318 1836 1006 174 daucunes choses que nous

1324 1940 977 162 voulons de vous sauoir.

1312 2039 1000 150 Sire dist ele et ie le vous di

1318 2137 988 162 rai. Car bien est droiz que

1324 2252 1040 145 vous le sachiez. Mes peres

1341 2368 989 150 qui encore vit fu freres ị

1324 2455 971 156 Melsius. Celui qui tant

1324 2547 994 150 iours serui mõ seigneur

1324 2645 982 162 lempereour de costentin

1341 2761 994 161 noble vostre pere ⁊ vous

1335 2865 983 150 et fui mandee chiez le dit

1324 2951 994 162 Melsius. pour garder vostͤ

1347 3073 959 144 sereur Cassidoire. ⁊ dorus

1341 3171 977 133 vostre petit frere. quant

1341 3263 971 168 li traiteur li desloial les

1341 3385 977 132 en firent rauir arõme.

1335 3477 995 156 Simen repairai chiez mõ

1352 3581 954 150 pere toute courouciee ou

1352 3697 995 138 iai puis eu mains courrouz

1347 3777 965 156 ⁊ tout pour la terre qui a

1364 3893 948 139 ainssi estre menee. Mais

1341 3962 1035 168 se diex plest or reuendrõt

1364 4095 994 145 les choses apoint et ouchas

1364 4176 994 173 cun aura son loier selonc

1370 4303 919 162 ce que il aura desserui.

1595 4297 723 255 vant helcanus la en

1381 4297 197 468 Q

1607 4500 705 155 tendue si a souspire

1370 4592 988 167 pour lamour de lui ⁊ de sõ

1364 4725 1023 162 bon oncle. Silimist les braz

1381 4835 954 156 au col et li dist. Madouce

1387 4950 937 156 amie vous soies la bien

1370 5048 965 162 venue. Or sachiez que ie

1376 5164 954 144 vous en ai mlt' plus chie

1364 5256 989 156 re. Mais or me dites vostͤ

1370 5383 983 145 non. Sires iai non Melo

1376 5482 988 144 de. Or medites ma douce

1370 5586 954 323 amie queles nouueles.

1376 5672 1011 237 vous me direz de ceulz qui

2497 646 995 139 alerent ou message. Si

2503 733 1006 156 redist ele au passer queli

2509 837 954 139 message firent. Ascanus

2520 935 937 145 les fist guetier.et bien les

2515 1034 948 138 cuida faire prendre ou me

2503 1126 1006 162 tre amort. Mais il sen par

2515 1241 977 139 tirent entele maniere quil

2520 1340 943 138 ni perdirent se poi non. Si

2515 1426 965 156 avint par auenture que

2520 1542 954 144 il sembatirent seur nous

2509 1634 977 156 Et quant ie soi que il estoi

2526 1756 960 138 ent a vous. Sachiez que ie

2532 1854 954 150 leur fis toute la courtoisi

2532 1958 954 138 e que ie onques leur poi fe

2526 2044 983 151 re. Ie leur priai q̃il repairas

2526 2154 954 145 sent par deuers moi. ⁊ il le

2520 2229 989 168 morent en couuent. Mais

2538 2345 971 156 puis ala lachose en tele ma

2532 2449 954 162 niere que li vns qui sires

2538 2564 954 151 estoit deulz. fist vne batail

2543 2663 960 150 le en costentinnoble queil

2538 2772 948 145 outra. ⁊ la durent il estre

2543 2876 966 150 mort. Car vns dyalogus

2520 2974 989 145 les gaita a tout gnͣt gent

2532 3073 942 150 Mais il furent secorus de

2543 3188 966 150 gasus qui souuerainz bail

2532 3275 965 150 liz est du pays. Quant dy

2538 3379 942 156 alogus vit quela nepor

2538 3483 948 138 roit il riens faire. Sisen

2555 3581 995 162 vint auec ceulz qui la furẽt

2549 3685 960 139 et les prist au repairier en

2549 3795 972 133 tel maniere a signͣt foison

2549 3887 977 150 degent que il norent pooir

2543 3985 983 151 deulz desfendre en maniere

2549 4095 983 145 que il empeussent eschaper

2543 4211 949 150 ainz furent touz occis et

2561 4320 942 133 detrenchie fors .ii. qui sen

2555 4407 948 139 eschaperent. si naurez et

2549 4517 1001 156 si decoupez queil nẽ pooiẽt

2538 4621 1006 162 plus sanz mort. Cil semba

2561 4742 994 156 tirent par auenture chiez

2543 4840 983 145 ydoine vostre bon ami. Et

2555 4939 995 144 la soi ie que il estoient siles

2549 5048 1024 168 enuoia querre. et les garda

2543 5152 995 156 itant que diex en a fait sa

2543 5268 411 479 volente.

2804 5366 693 162 Vant helcanus ⁊ son

2596 5274 156 479 Q

2792 5487 717 249 cousin ont entendu

2549 5568 989 179 la damoisele si ont leur du

2561 5695 954 237 el renouuele. Et qnͣt la

3642 704 971 18446744073709551296 pucele vit ce. siliemprist

3659 710 966 260 mlt' gnͣt pitie. Et vit biẽ

3671 831 925 145 que il estoient ambedeus

3688 935 937 145 merueilleusemẽt courou

3671 1028 948 150 cie ⁊ trouble. Sileur dist.

3671 1114 960 156 biaus seigneurs ne faites o

3683 1224 971 156 re duel. Ia sauiez vous bien

3677 1328 936 162 quil estoient mort. Par

3683 1438 965 150 dieu distrent il onques ma

3683 1542 959 139 is nenfumes si certain. Ma

3688 1629 966 155 is pour dieu ce nous dites.

3671 1744 971 162 li quel ce furent qui escha

3683 1860 977 138 perent et qui morurent chi

3677 1958 971 138 ez vous. Sire dist elle cil qui

3677 2050 942 145 eschaperent delabataille

3683 2148 1011 156 ce fu Mirrus ⁊ Elygius. Ha:

3700 2247 919 144 las dist helcanus. ce sont

3694 2345 943 162 li dui dont ia ͥ le cuer plus

3688 2466 937 145 couroucie. et tant dolent

3688 2570 972 133 que iamais ne sera oublie.

3711 2663 949 161 Lors ꝯmence trop piteuse

3700 2778 942 133 ment a regreter Mirrus

3688 2859 995 162 et les autres. Sire dist lors

3694 2974 943 162 la pucele se vous me vou

3694 3078 960 156 liez donner .i. don. tel que

3694 3188 966 150 ie demanderoie. le vous mo

3694 3304 989 127 usterroie ia tel chose quicest

3706 3379 925 167 duel vous feroit alegier.

3706 3500 959 139 Certes damoisele et ie tan

3700 3604 1012 150 tost le vous otroi. Sire dist

3717 3714 966 144 ele mlt' gnͣs merciz. Dont

3711 3801 954 144 prist les .ii. cousins par les

3711 3893 960 156 mains et les a mener au pa

3717 3997 925 156 ueillon ou li dui cheualier

3723 4107 931 156 atendoient lapucele touz

3723 4205 960 162 armez seur leur cheuaus.

3723 4315 925 161 Biaus seigneurs dist ele. ⁊

3735 4424 913 139 dont ne sont cist aussi bel

3735 4523 919 150 par semblant ꝯme Myrrꝰ

3723 4632 983 145 et eligius estoient. Certes

3735 4748 948 144 distrent il nous creons que

3729 4846 977 150 oil. Mais nous espoir amis

3723 4933 925 173 sons miex ceulz qui mors

3729 5043 942 161 sont seil fussent en vie. A

3735 5175 971 156 dont dist lapucele. si haut

3740 5291 937 144 que bien lentendirent q̃il

3740 5383 977 168 descendissent deleur cheuaꝰ

3740 5510 943 139 et venissent ali. Mainte

3752 5609 908 144 nant ont mis pie a t're

3740 5707 949 231 et baillierent leur cheuaꝰ
