5273 6932
1301 646 1006 128 fait ascanus. Ainz a ce fait

1305 743 994 138 dyalogus de rõme. Et sachi

1313 847 974 119 ez que se il ne leust fait. Si

1313 931 982 124 croy ie bien que ascanus en

1317 1043 1020 116 eust fait son pooir. tout en

1324 1139 1025 116 autel maniere ꝯme il auoit

1324 1228 1006 135 fait deuant au passer. Or noꝰ

1321 1344 1005 130 dites damoisele par courtoi

1317 1440 978 123 sie qui vous estes. Car mlt'

1422 1530 902 156 volentiers lesaurions

1321 1636 1009 154 et puis apres si vous saue

1332 1752 990 146 rons mielz a metre araisõ

1348 1875 997 123 daucunes choses que nous

1344 1971 970 127 voulons de vous sauoir.

1336 2071 978 108 Sire dist ele et ie le vous di

1344 2175 970 124 rai. Car bien est droiz que

1351 2268 1029 135 vous le sachiez. Mes peres

1344 2364 1005 139 qui encore vit fu freres ị

1351 2483 967 116 Melsius. Celui qui tant

1348 2572 970 119 iours serui mõ seigneur

1344 2657 978 146 lempereour de costentin

1351 2784 994 127 noble vostre pere ⁊ vous

1355 2892 982 123 et fui mandee chiez le dit

1348 2980 970 131 Melsius. pour garder vostͤ

1351 3080 967 135 sereur Cassidoire. ⁊ dorus

1363 3184 959 124 vostre petit frere. quant

1355 3273 959 146 ie demanderoie. le vous mo

1359 3388 986 124 usterroie ia tel chose quicest

1351 3485 990 146 Simen repairai chiez mõ

1359 3593 967 138 Certes damoisele et ie tan

1363 3697 990 131 iai puis eu mains courrouz

1367 3793 963 127 ⁊ tout pour la terre qui a

1371 3901 966 115 ainssi estre menee. Mais

1375 4005 1020 123 deulz desfendre en maniere

1371 4093 997 143 les choses apoint et ouchas

1375 4190 997 146 atendoient lapucele touz

1378 4317 921 123 ce que il aura desserui.

1566 4390 769 162 detrenchie fors .ii. qui sen

1561 4488 803 167 tendue si a souspire

1386 4636 978 123 pour lamour de lui ⁊ de sõ

1386 4729 1002 138 et eligius estoient. Certes

1386 4848 959 139 distrent il nous creons que

1390 4960 936 131 oil. Mais nous espoir amis

1394 5068 955 138 sons miex ceulz qui mors

1390 5183 955 135 sont seil fussent en vie. A

1386 5268 967 154 dont dist lapucele. si haut

1390 5383 967 151 non. Sires iai non Melo

1394 5510 974 116 de. Or medites ma douce

1394 5591 951 143 descendissent deleur cheuaꝰ

1398 5695 993 150 la damoisele si ont leur du

2519 646 986 139 alerent ou message. Si

2522 750 1002 131 redist ele au passer queli

2515 847 955 127 message firent. Ascanus

2519 939 955 127 les fist guetier.et bien les

2515 1039 966 124 cuida faire prendre ou me

2511 1139 1013 131 tre amort. Mais il sen par

2515 1251 986 108 tirent entele maniere quil

2519 1336 951 131 ni perdirent se poi non. Si

2530 1440 967 135 avint par auenture que

2522 1536 963 135 il sembatirent seur nous

2526 1655 982 124 Et quant ie soi que il estoi

2530 1763 971 112 ent a vous. Sachiez que ie

2526 1863 971 135 leur fis toute la courtoisi

2534 1975 967 116 e que ie onques leur poi fe

2530 2060 986 123 re. Ie leur priai q̃il repairas

2530 2164 971 119 sent par deuers moi. ⁊ il le

2542 2249 986 142 morent en couuent. Mais

2538 2364 986 119 puis ala lachose en tele ma

2545 2472 956 131 niere que li vns qui sires

2545 2584 960 123 estoit deulz. fist vne batail

2542 2664 970 131 le en costentinnoble queil

2549 2780 948 127 outra. ⁊ la durent il estre

2542 2888 978 135 mort. Car vns dyalogus

2538 2988 986 123 les gaita a tout gnͣt gent

2542 3088 943 135 Mais il furent secorus de

2549 3192 975 127 gasus qui souuerainz bail

2545 3288 967 124 liz est du pays. Quant dy

2545 3388 979 131 alogus vit quela nepor

2545 3500 944 120 pere toute courouciee ou

2553 3581 998 139 vint auec ceulz qui la furẽt

2557 3704 959 112 et les prist au repairier en

2549 3793 979 135 tel maniere a signͣt foison

2561 3881 971 158 degent que il norent pooir

2553 4001 979 127 mains et les a mener au pa

2553 4101 986 150 que il empeussent eschaper

2557 4220 951 127 ainz furent touz occis et

2561 4309 944 131 vant helcanus la en

2557 4424 951 112 eschaperent. si naurez et

2557 4505 994 154 dont ne sont cist aussi bel

2557 4636 998 131 par semblant ꝯme Myrrꝰ

2561 4744 1005 139 bon oncle. Silimist les braz

2557 4856 982 127 au col et li dist. Madouce

2561 4944 1001 154 amie vous soies la bien

2557 5064 1025 119 venue. Or sachiez que ie

2526 5156 1021 154 vous en ai mlt' plus chie

2561 5279 400 135 re. Mais or me dites vostͤ

2781 5366 757 168 Vant helcanus ⁊ son

2757 5493 798 133 Q

2561 5576 978 169 et venissent ali. Mainte

2565 5707 959 165 vous me direz de ceulz qui

3662 662 940 104 pucele vit ce. siliemprist

3670 735 948 143 mlt' gnͣt pitie. Et vit biẽ

3670 839 932 127 que il estoient ambedeus

3678 939 940 135 merueilleusemẽt courou

3674 1039 951 116 cie ⁊ trouble. Sileur dist.

3670 1132 959 123 biaus seigneurs ne faites o

3678 1236 967 131 re duel. Ia sauiez vous bien

3678 1340 944 142 quil estoient mort. Par

3682 1432 963 139 dieu distrent il onques ma

3682 1532 959 143 is nenfumes si certain. Ma

3678 1644 967 131 is pour dieu ce nous dites.

3678 1740 963 154 li quel ce furent qui escha

3693 1867 967 131 perent et qui morurent chi

3689 1971 960 116 ez vous. Sire dist elle cil qui

3682 2060 940 131 eschaperent delabataille

3693 2164 998 135 ce fu Mirrus ⁊ Elygius. Ha:

3697 2276 921 119 las dist helcanus. ce sont

3693 2356 940 143 li dui dont ia ͥ le cuer plus

3701 2472 928 123 couroucie. et tant dolent

3697 2576 963 123 que iamais ne sera oublie.

3705 2672 951 143 Lors ꝯmence trop piteuse

3705 2788 940 119 ment a regreter Mirrus

3701 2880 1009 139 et les autres. Sire dist lors

3697 2980 936 135 la pucele se vous me vou

3701 3092 944 127 liez donner .i. don. tel que

3705 3200 951 138 li traiteur li desloial les

3713 3315 966 108 en firent rauir arõme.

3713 3404 924 139 duel vous feroit alegier.

3716 3492 952 135 roit il riens faire. Sisen

3713 3608 989 139 tost le vous otroi. Sire dist

3716 3716 959 127 ele mlt' gnͣs merciz. Dont

3720 3816 940 127 prist les .ii. cousins par les

3716 3908 959 131 se diex plest or reuendrõt

3728 4009 924 138 ueillon ou li dui cheualier

3724 4116 928 135 cun aura son loier selonc

3728 4216 963 143 armez seur leur cheuaus.

3732 4332 924 139 Biaus seigneurs dist ele. ⁊

3736 4440 916 119 Q

3736 4532 920 147 si decoupez queil nẽ pooiẽt

3732 4648 967 123 plus sanz mort. Cil semba

3736 4748 951 131 tirent par auenture chiez

3736 4856 963 127 ydoine vostre bon ami. Et

3732 4952 917 143 la soi ie que il estoient siles

3740 5048 932 162 enuoia querre. et les garda

3743 5183 959 139 itant que diex en a fait sa

3740 5299 935 146 volente.

3747 5391 967 150 que bien lentendirent q̃il

3743 5518 936 127 cousin ont entendu

3747 5626 913 135 amie queles nouueles.

3743 5715 936 173 el renouuele. Et qnͣt la
