5273 6932
1144 479 526 225 r dist li comp

1150 681 555 168 tes que moult

1150 814 515 110 ouura la pu

1150 912 515 104 celle courtoi

1150 1010 538 133 sement enu's

670 1126 1000 133 Myrus et ses ꝯpaignons. Il

670 1241 995 122 ne finerent puis que il se

670 1340 972 127 furent partis de lui de che

682 1455 983 116 uauchier tant quil oirẽt

676 1553 1006 116 nouueles de pelyarmenuz

664 1657 1018 122 dit leur fu que il estoit a .i.

670 1767 1000 121 sien manoir qui estoit en

670 1871 1000 116 constentinoble. Il nont fi

670 1975 1076 121 ne lun iour plus lautre maĩz

670 2079 983 116 si sont venu en la cite. Il

659 2195 977 115 ont eu conseil deulz meis

676 2299 1012 121 mes que il yroient en con

670 2403 1047 121 stentinoble pour euls repo

670 2507 972 121 ser ⁊ la auroient conseil

670 2587 1035 145 comment il porroient mieꝰ

682 2709 1012 115 besoingnier. Lors vont en

676 2807 1023 121 la ville ⁊ ont leur ostel pris

670 2922 1018 122 ou maint autre lauoient

664 3003 1047 151 pris qui auoient a besoing

670 3136 1047 110 nier aussi ꝯme eus meis

670 3240 1024 110 mes auoient. Il fu tart si

676 3344 989 116 fu temps de souper. Myrus

676 3431 1035 133 a fait venir son hoste deuãt

682 3546 1023 104 lui ⁊ li enquist ou li empe

682 3633 1012 139 reres estoit. Sire dist il. le

688 3749 994 127 quel empereour deman

682 3835 1029 127 dez vous. Amis dist Myrꝰ

682 3951 1000 138 ia na il en ceste ville que

670 4055 1012 115 .i. empereour. Sire dist il nõ

688 4170 1000 110 que ie sache. Celui est a bel

688 4274 982 133 manoir a vne lieue pres

676 4372 1000 139 de ci ⁊ quant veudra il biaꝰ

682 4482 988 127 hostes. Par foy sire ce ne noꝰ

676 4586 1070 150 sai ie mie a dire. Quar il viẽt

688 4707 994 110 quant il veult. Et quant

688 4806 1023 115 il veult il sen va. Or me di

682 4910 994 121 tes biaus hostes foy que

688 5019 959 122 vous me deuez. Sauez voꝰ

688 5118 1000 132 nulles nouuelles de Ga

688 5239 977 110 sus le baillif pelyarme

688 5326 1000 138 nus. Sire dist il hui le vi

688 5435 1006 127 ci deuant passer et biẽ croi

688 5534 1029 121 que il soit en la ville. Et ou

688 5655 959 156 demeure il dist Myrus.

1902 462 977 254 Sire il demeure ou chas

1907 681 1024 127 tel. Quant il oy ce si mist

1913 797 954 121 son hoste a conseil ⁊ dist

1919 912 954 122 amis se vous nous vou

1913 1016 977 127 liez aidier que nous par

1913 1114 1012 145 lissons a lui de conseil mlt'

1913 1241 972 116 y auriez grant preu. Sire

1913 1345 966 116 dist il dont me dites qui

1919 1444 977 121 vous estes ⁊ se vous de riẽs

1919 1548 948 115 le connoissiez amis dist

1913 1629 995 144 Myrus nous sommes au

1907 1750 943 127 roy de frise. Mais nous

1907 1842 983 127 fumes nes en bretaigne

1907 1964 943 121 ha: sire dist li hostes na

1907 2056 1018 133 pas lonc temps que li roys

1913 2160 983 144 de frise fu ci deuant a hos

1902 2281 994 116 tel. et le duc de lembourc

1919 2379 995 122 fu caiens. Par foi Sire dit

1913 2489 943 122 Myrus bien puet estre

1913 2599 960 121 et ie trop mieus vous en

1902 2680 1000 150 aime ⁊ aussi fais ie lostel

1890 2801 977 116 Sire dist il granz mercis.

1896 2905 960 116 Et sachiez que ie pensoie

1902 2998 954 132 moult bien que vous es

1902 3102 931 150 ties de leur gent. Et sa

1902 3211 1000 139 chiez que en moi vous poez

1902 3327 983 110 bien fier et commander

1902 3402 983 139 sor moi. et sachiez que ie

1896 3512 989 144 en ferai tout mon pooir

1896 3621 965 128 Biaus hostes dist il gnͣz

1896 3725 1000 122 mercis. Ie vueil que vous

1896 3829 925 139 faciez tant quil sache.

1902 3916 994 150 quil a chaiens .i. cheual'

1902 4043 971 121 qui est au roy de frise qui

1907 4153 960 127 moult volentiers parle

1907 4234 978 138 roit a lui anuit ou demaĩ

1902 4344 965 144 de quele heure quil en se

1902 4459 948 133 roit aisiez. Sire dist il ie

1902 4557 965 145 narresterai Si aurai fait

1896 4667 989 139 la besoingne a mon pooir

1896 4777 954 138 Dont fist mestre li hostes

1890 4881 995 144 la selle seur son palefroy

1890 4996 977 122 Si monta ⁊ ne demoura

1896 5095 1029 144 gaires que il vint au chas

1896 5216 1018 127 tel. puis hucha. li portiers

1907 5314 1001 127 qui bien le connoissoit. li

1902 5412 988 145 dist sire vous soiez li biẽ

1907 5528 966 127 venuz. amis dist il diex

1907 5632 960 190 vous beneye. est li baillis

3070 525 942 156 caiens. ouil dist il. dont

3070 658 977 156 descendi li bourgois. Et

3064 774 994 144 vint la ou il estoit. Et qnͣt

3070 872 954 127 li baillis li vit. Si est venꝰ

3064 970 989 156 a lui ⁊ li dist Geffroy que

3081 1097 960 144 vous plaist. Sire dist cil

3081 1201 914 156 ie sui ci venus pour ꝑler

3081 1299 943 156 a vous. pour .i. chlr' qui ci

3081 1415 966 138 menuoie qui est au roy

3087 1519 954 138 de frise. Si voudroit a vous

3081 1634 954 127 parler moult volentiers.

3081 1733 931 127 Mais que vous en fussies

3075 1836 943 122 aaisiez. Quant il lenten

3075 1929 1030 144 di dont li mist la main seur

3070 2044 988 116 lespaule ⁊ la trait dune ꝑt

3075 2143 983 121 ⁊ li dist en bas. quele gent

3075 2252 931 145 a il auec lui. par foy dist

3075 2351 1035 150 il .v. cheualier ⁊ leur mais

3075 2478 960 121 nies alez vous ent dist il

3070 2576 913 133 tost ⁊ li dites que ie yrai

3075 2668 960 139 maintenant. Mais ne fai

3075 2772 966 139 tes ia mention qui il sont

3075 2871 949 138 ne que y doie aler se a euls

3075 2963 949 139 non. Sire dist il naies grͣ

3064 3067 954 156 de. Il sen est moult tost re

3070 3177 1011 150 pairiez. Et compta a Myrus

3070 3286 959 145 comment il auoit esploi

3075 3379 1006 144 tie. Biaus hostes dist il gnͣz

3075 3489 972 150 mercis. Lors ne demoura

3075 3604 931 139 gaires que li baillis vint

3087 3702 925 122 o lui .i. escuier sanz plus

3081 3801 960 138 Il monta amont ⁊ demã

3070 3910 977 127 da loste ⁊ il vint ⁊ lamene

3070 4020 965 127 en vne chambre ou li chr'

3064 4112 971 151 estoient. Sire dist il a My

3064 4216 977 151 rus vez ci le baillif que voꝰ

3064 4344 942 132 demandiez. Quant il le

3058 4436 977 133 virent dont sont sailli ẽ

3058 4546 1041 144 piez et lont salue. et il leur

3058 4667 989 127 rendi leur salu. Et puis

3058 4777 1035 110 regarda lun ⁊ puis lautre

3064 4869 994 133 sauoir Se nul en connois

3064 4985 1006 115 troit. Mais il nen y ot nul

3070 5095 977 132 que il eust onques mais

3075 5187 983 144 veu. si dist ore biaus seig

3070 5308 965 122 neurs vous soiez les biẽ

3064 5406 977 133 venus. Ie sui venus a vostͤ

3064 5522 1017 127 mandement. Sire dist My

3058 5632 983 161 rus la uostre grant m'ciz
