5273 6932
1393 491 965 225 Dont la pris par la main

1393 687 1023 121 Myrus Et la trait a vne ꝑt

1393 791 1035 121 Et lidist Sire vostre bonne

1399 895 1006 115 renommee me fait en voꝰ

1393 993 1012 133 fier . Sire dist il Se ie estoie

1393 1109 1064 127 pires que ie ne soie . Si vueil

1393 1207 1000 138 ie estre tenus de uous aidi'

1387 1317 1006 132 pour laraison de ce que voꝰ

1393 1444 1012 115 auez dit . Sire dist il granz

1399 1548 1017 121 merciz . Dont li dist Sire v'i

1393 1646 989 127 tez est que nous sommes

1393 1744 977 116 ci enuoiez pour une gnͣt

1387 1848 1000 116 besoingne. Si auriens biẽ

1387 1946 983 127 mestier de nostre aide ⁊ de

1381 2056 567 110 vostre conseil.

1636 2154 740 127 Ire veritez est que noꝰ

1659 2258 728 133 sommes ahelcanus

1376 2379 1063 110 qui est filz a lempereour Cas

1381 2483 1024 110 sidorus de coustentinoble ⁊

1381 2582 1024 121 cil est en frise auec le duc de

1381 2686 1018 127 lembourc . Si sauez bien q̃

1387 2778 1018 133 li roys ⁊ li dus furent lau

1376 2888 1040 115 tre iour en ceste ville pour

1381 2992 1018 115 moustrer apelyarmenus

1381 3084 1035 150 vostre seigneur quo cilz hel

1381 3200 954 127 canus estoit repairiez de

1376 3304 1011 121 la ouil auoit couuerse qrͣ

1376 3402 1046 127 les nouuelles estoient hors

1376 3506 994 127 getees par tout que il et

1364 3610 1006 150 son pere ⁊ auec .ii. petiz en

1370 3708 983 139 fans estoient mort. Ore

1370 3812 1000 150 sus ce pelyarmenus est en

1370 3928 977 104 trez en la terre . et se fait a

1364 4032 977 132 peler seigneur du pays ce

1370 4141 983 122 queil ne doit faire tant q̃

1370 4245 983 127 il sache que cilz soit en vie

1364 4361 1029 150 que ie uous ai compte ces

1376 4459 959 121 nouueles aporta liroys

1370 4557 994 127 de frise ⁊ lidus de lembourc

1364 4679 1035 121 apelyarmenus ⁊ li respondi

1364 4783 971 127 assez sagement. Quar il

1364 4892 971 127 dist venist helcanus ou

1364 5002 1018 127 autres qui droit eust en la

1370 5118 988 115 terre ⁊ li lereceuroit . Si que

1381 5216 983 121 ia nen seroit repris ne blas

1381 5320 995 121 mez li conseuls helcanus si

1376 5430 948 127 et tiex que il dist que il

1381 5539 989 116 nenterra iamais iamais

1376 5643 959 185 en cest pays deuant ce qͥl

2584 491 966 225 sera asseurez des barons

2584 698 954 122 meismes de son frere qui

2584 808 896 116 les homages en areceuz

2584 912 960 127 autrem̃t quil ne deust ce

2584 1028 942 115 dist ⁊ de ceuz qui lont re

2584 1126 1018 127 ceu en cest pays autrem̃t

2584 1241 1000 128 quil ne deussent . Si en veult

2584 1340 942 133 lamende auoir . Se ainsi

2578 1449 954 156 est que il soient trouue ẽ

2584 1553 908 122 leur tort. ⁊ est la raison

2584 1663 919 110 pour quoi il nous a ci en

2590 1756 907 127 voiez. Si voudrions vo

2572 1825 989 156 lentiers auoir conseil cõ

2584 1969 937 122 ment nous porrions le

2584 2079 948 116 miex parler apelyarme

2572 2177 995 127 nus . par quoi il ne pechast

2584 2281 971 156 en nous que la besoing

2584 2379 908 128 ne ne fust bien faite ⁊

2584 2489 966 116 reportons arriere la vraie

2584 2593 960 162 responsse de son conseil q̃

2549 2697 914 139 nous auons trouue.

2763 2801 723 127 vant Gasus enten

2752 2905 786 121 di Myrus Si ot gnͣt

2561 2992 1006 144 ioie ason aier ⁊ dist puet

2567 3119 971 121 ce estre verite ce que vous

2561 3223 1029 127 mauez ci compte. Sire dist

2572 3321 983 156 myrus aussi voir comme

2567 3419 965 133 diex est. Quar clyodorus

2561 3529 1012 127 que vous bien connoissiez

2567 3645 942 92 est auec helcanus chies

2561 3737 960 127 leroy de frise. Clyodorus

2561 3841 971 121 dist il voire sire. Ha: clyo

2567 3939 988 133 dorus sergant adroit tãt

2561 4066 948 122 auez ale que vous auez

2555 4164 983 128 trouue ce que vous voliez

2549 4268 1012 122 Par foy biaus seigneurs

2561 4361 977 150 dist Gasus maint hustin

2561 4488 942 116 ⁊ mainte greuance ay

2567 4592 1017 127 eu pour verite dire ⁊ faire.

2561 4702 1017 127 Or nest il mie poins de plꝰ

2549 4806 995 161 parler .⁊ vous estes lassez

2555 4910 931 133 de cheuauchier le matin

2549 5031 989 121 reuendrai auous prince

2549 5135 983 121 ment ⁊ penserai auostre

2549 5239 972 121 besoingne tout aussi soĩ

2549 5343 966 121 gneusement comme se

2538 5447 983 127 mon cors meismes estoit

2532 5557 1006 121 auostre point. Sire ce dist

2538 5666 971 156 myrus la uostre grant

3775 491 942 236 merciz. Lors ont pris cõ

3775 698 989 133 gie alui ⁊ li baillis aeuls

3763 808 972 139 Quar plus nosa demou

3769 906 1018 151 rer que il ne fust aperceuz.

3995 1039 746 116 i compaignon soupe

4006 1138 729 109 rent ⁊ puis alerent

3763 1241 966 133 dormir. Gasus qui ne dor

3769 1351 983 122 mi pas tout la nuit com

3775 1449 989 128 menca apenser ala besoig

3769 1548 1035 127 ne de ceuz qui prie len auoi

3763 1646 1001 133 ent Il sot bien que pelyar

3769 1767 983 116 menus ne renderoit point

3746 1865 983 127 laterre tant comme il la

3740 1981 995 115 peust tenir. et bien sot que

3758 2085 977 115 moult longuement ypor

3775 2172 994 127 roit estre ainz que autres

3769 2299 943 115 y peust metre le pie tant

3769 2403 948 115 comme cil qui lauoient

3769 2507 1018 127 asseure li vousissent aidier

3769 2622 1018 110 ⁊ il sauoit bien que voirem̃t

3763 2720 972 99 li aideroient il. Quar il Se

3763 2813 983 121 sentoient meffait enuers

3758 2928 983 116 leur seigneur droiturier ⁊

3763 3021 972 133 pource aideroient il cestui

3758 3130 983 116 au miex que il porroient.

3752 3229 983 138 Aucuns en yauoit qui vo

3752 3344 1029 122 lentiers reuendroient avoie

3758 3454 965 110 de verite. Mais leur force

3758 3552 983 116 nest mie grant. Se ce nes

3758 3656 1058 116 toit du duc dathaines. Mais

3746 3749 1006 179 cil estoit trop hors voie por

3758 3853 399 144 lui aidier

3977 3962 752 116 Ntele maniere se demẽ

3943 4066 809 127 toit Gasus tout par

3746 4176 1000 121 lui. Lors commenca apen

3740 4280 983 127 ser comment il porroient

3746 4396 1018 115 partir de leur seigneur sãz

3746 4494 960 115 destourbier. Il sot bien qͥl

3752 4598 1000 133 estoit si plains de mal que

3752 4719 1012 116 a paines sen porroient ꝑtir

3740 4823 983 121 sanz destourbier que ce ne

3740 4921 960 127 fust trop grant m'ueille.

3740 5025 1029 139 Dont sapenssa quil les feroit

3735 5147 982 115 aler au biau manoir ⁊ la

3735 5250 1023 122 porroient il parler delachose

3723 5354 989 122 et faire aussi comme se ce

3729 5458 1000 122 fust noient. Et se aucuns

3723 5568 1018 116 y metoit mal il les deffen

3723 5666 983 243 deroit se il pooit. et se il
