5273 6932
705 623 994 133 maniere que auenu liestoit.

936 733 752 110 uant li preudom la

953 831 735 104 entendu. si sest tour

705 906 1000 145 nez v's lui. ce que il nauoit

711 1010 1017 139 pieca fait. se on neli auoit

699 1120 995 121 aidie. Dont dist. Sire chr's

699 1236 1012 127 Sachiez que mlt' ai oẏ ꝑler

693 1340 1006 115 de celui aqui vous dites q̃

693 1449 1012 122 vous estes. Et sachiez que

693 1559 1001 127 sa mere demoura ceenz a

693 1657 995 139 uec moi pres de .v. anz. et

693 1773 1001 115 demi. Quant mirrus oẏ

693 1877 995 121 ce. si ot gnͣt merueille si

688 1975 994 110 que il oublia toute sa dou

688 2079 1011 116 leur que il sentoit. Dont

688 2172 1058 115 dist. ha: sire pour dieu souf

688 2281 994 116 frez vous que ie voise quer

682 2368 1029 139 re mon compaignon qui

682 2483 1012 116 mlt' est il adessouz desa force.

676 2582 989 127 Car ie ai gnͣt paour delui

676 2674 1012 150 se ie tant demouroie que voꝰ

676 2801 1012 116 meussiez dit aucunes nou

676 2899 966 127 ueles que ie uous veul de

670 2992 977 138 mander. Aiez dist il. Car

670 3102 1000 121 vous mais hui ne demain

664 3217 972 121 ne de partrez de ci. se vous

659 3310 988 121 men creez. Sire dist il ﻿﻿gnͣs

659 3402 1017 144 merciz. Dont est venu mi

659 3529 1017 104 rus ason ꝯpaignon 7 le tro

664 3627 1024 122 uua a gnͣt meschief. 7 lidist

659 3731 1000 110 amis nous ẏrons ci pres a

653 3824 1023 115 a .i. hermitage. 7 la a .i. saīt

653 3933 1006 104 hõme qui nous aidera 7 con

653 4037 1023 104 seillera mais hui. Quant

653 4130 1000 138 il oẏ ce. si fu mlt' liez 7 sest le

653 4240 994 144 uez a mlt' grant paine. et

647 4355 1000 127 mirrus apris les cheuaus 7

659 4476 983 116 sen sont en tele maniere a

647 4563 1018 144 lez apie. Tant que il furẽt

635 4690 532 116 alermitage.

844 4765 792 150 Quant il furent la

878 4887 764 121 venu. Li iones hom

670 5002 972 121 apresentemẽt pris leur che

647 5118 995 121 uaus et les amis en vne a

641 5222 1041 132 cante. 7 leur dõna orge dõt

647 5337 983 121 il mengierent mlt' volen

653 5441 983 121 tiers. Dont est repairiez

647 5534 995 127 arriere a eulz. Et leur dist.

647 5649 983 110 biaus seigneurs vous aide

659 5718 988 174 rai ie plus de riens. Amis

1896 629 965 116 distrent il bien aurions ị

1890 727 948 127 mestier daide. Mais mau

1896 808 965 122 uaisement en estres aaisiez

1907 924 972 115 Dont ne sorent que faire

1907 1028 943 115 de eulz desarmer. pour le

1879 1126 965 121 ur plaies. Et dautre part

1873 1241 971 116 il nauoient nules robes

1890 1340 943 121 dont il se peusseut vestir. 7

1879 1444 988 121 tant quil se sont mlt' com

1861 1548 983 121 plaint. Et qnͣt li iouuen

1861 1657 1024 122 ciaus oẏ ce. sile dist au viel

1867 1767 994 150 hõme. Et dont apela il mi

1855 1877 954 110 rrus 7 li dist. 7 il viut alui

1855 1975 995 110 7 dist sire que vous plaist.

1861 2068 977 121 Je sai dist il que vous estes tp

1861 2166 977 133 fort naure. desuestez vous

1850 2247 1035 138 de vos armes. Et vous vestez

1844 2374 1000 115 de tiex vesteures que ie vous

1838 2466 1000 139 porrai dõner. Dusques atãt

1855 2576 989 115 que ie vous ensaignerai qui

1855 2680 995 133 de vos plaies vous porra gue

1850 2790 994 121 rir. Sire dist il gnͣs mercis.

1873 2899 988 110 Dont a ꝯmencie a des armer

1850 2998 965 121 eligius. Et li iouuenciaus

1844 3102 1017 121 li a aporte vne cote chaude

1832 3206 989 121 et .i. gris mantel li afait

1832 3292 1006 127 afubler. Et qnͣt il se vit aĩs

1832 3408 989 138 si appareilliez. Dont ne se pot

1832 3500 995 133 tenu que il ne sourrisist.et

1832 3621 966 116 tout aussi fist mirrus. A

1827 3720 965 121 pres sest fait desarmer.et

1827 3801 988 132 se vesti tout en autre tel ma

1832 3928 983 109 niere ꝯme son ꝯpaignon a

1821 4020 994 110 uoit fait. Quant il furent

1827 4130 994 115 Ainssi atourne. Sachiez que

1827 4228 971 139 mlt' bien semblerent her

1821 4338 977 144 mite.Dont sen vindrent

1821 4453 983 133 deuant le preudoõme 7 li pri

1815 4563 994 116 erent pour dieu que il les ꝯ

1809 4661 966 122 seillast de leur plaies se il

1815 4777 977 110 sauoit. Par dieu dist il bien

1821 4869 977 145 vous en est auenu. Car ẽ

1821 4991 988 115 nul mois de lan. on ne porro

1809 5100 977 116 it recouurer de lerbe dont

1809 5204 960 127 ie vous garirai fors ence

1815 5308 994 133 stui porpris. Dont apela le

1815 5430 937 121 jone hermite. Et li dist a

1821 5534 942 109 mis alez en cele court la

1815 5638 954 109 derriere. 7 prenez Emẏla

1815 5736 966 196 et autres herbes que voꝰ

3064 583 1029 156 ẏtrouuerez delez quisont tpͦ

3070 722 994 115 bõnes. Apres siles me lauez

3075 814 966 127 mlt' bien 7 les trible entre

3075 895 1024 139 vos mains. Si espandez le ius

3070 1016 983 127 sus leur plaies par tout la

3064 1114 1006 139 ou il les vous mousterront.

3064 1213 1006 138 Cilz la fait tout entele ma

3064 1340 1000 127 niere ꝯme li preudom li en

3064 1432 1006 133 seigna. Et qnͣt cil sentirẽt

3058 1548 1012 115 la medecine. Si leur ꝯmen

3058 1652 1000 127 ca plus 7 plus la douleur de

3064 1756 965 115 leur plaies a assouagier.

3058 1860 971 121 Dont loerent dieu de ceste

3052 1964 966 127 chose. Lors leur demanda

3052 2073 977 116 li hermites ꝯment il leur

3047 2166 977 115 estoit. Et il distrenz sire. Il

3052 2270 995 109 nous semble que nous soiõs

3047 2368 1058 127 emparadis. Or vous souffiez

3052 2472 977 121 dist il. Car dedenz .iii. iours

3047 2576 994 121 vous nenlairez ia acheuau

3035 2668 1000 145 chier.Mais or me dites pu

3035 2795 960 116 is qnͣt vous ne mengastes

3047 2888 954 121 par foi sire distrenr il noꝰ

3041 2998 965 115 ne beumes hui ne ne mẽia

3035 3107 954 110 mes. Sifis dist Elẏgius Je

3023 3177 995 150 bui orains de cele fontaine

3029 3310 972 104 en cele forest. Dont leur a

3029 3390 1035 139 fait aporter li hermites bxxx

3035 3512 1000 115 pain dorge. 7 de segle 7 ẏaue

3023 3610 966 115 clere. ẏtele viande ꝯme il

3029 3691 983 144 mẽroit. Et dist bi aus seig

3023 3818 949 115 neurs mẽgiez de cel pain

3023 3893 1006 150 tel ꝯme nous lauons. Car

3023 4026 972 104 sachiez se ie miex eusse plꝰ

3023 4124 983 116 volentiers le vous dõnasse.

3000 4216 989 128 Ha: sire distrent il grans

3012 4338 1000 121 mercis. Dont ont mengie

3006 4442 983 121 et beu a talent. Et qnͣt il

3006 4540 1070 133 ont ce fait. si ont mis lepreu

3006 4650 1023 121 dõme a raison 7 li ont demã

3006 4765 1018 122 de ꝯment ce auoit este que

2994 4875 954 116 la mere helcanus auoit

3000 4967 977 133 demoure auec lui tant cõ

3006 5095 983 121 me il disoit. Dont leur a

3000 5193 995 133 compte enquele maniere

3006 5314 1000 121 ele estoit la uenue. 7 ꝯmẽt

2994 5412 989 139 ele auoit demore en lermi

3000 5522 989 139 tage. 7 tout en autele ma

3006 5638 971 121 niere ꝯme li traiteur du

3000 5736 983 161 paẏs lauoient traẏe. 7 cõ
