5273 6932
716 594 1006 156 Bien ferez dist il. Et sachiez

722 739 995 115 que ie en ferra autant de dẽz

722 826 1029 121 .xv. iours. et lirai veoir omoi

716 930 1024 121 mil homes qui touz seront en

716 1028 1024 127 son ꝯmandement de cors ⁊ de

705 1132 451 150 vie perdre.

878 1230 827 127 n tele maniere ont m

896 1340 832 115 oult parle entreulz .ii.

711 1438 1023 121 de ceste chose. Et tant que li sou

711 1542 1000 133 pers fu appareilliez. et le fi

699 1646 1006 127 rent mlt' couuenablemẽt

693 1750 1006 138 Apres sont alez couchier. et

699 1871 977 104 quant ce vint au matin il

705 1952 977 121 ont pris congie et puis se

699 2062 1012 115 sont mis en leur chemin.

693 2166 989 115 Si nont fine par leur iour

693 2264 995 121 nees si ont veu la cite de Ni

693 2368 1018 115 se. Quant il vindrent pres

699 2472 971 121 de Nise. Si ont choisi le sie

699 2576 983 104 ge qui deuant estoit fier et

693 2657 995 150 orgueilleus. Il ont tant es

693 2778 1006 127 ploitie que il aprochierent

693 2888 954 115 lost. ⁊ ỹ sont venuz. Dont

688 2957 994 156 enquist la pucele le tref hel

693 3078 977 139 canus. Dont sailli .i. ser

693 3194 966 133 gent qui dist. Damoisele

688 3286 977 128 bien vous ỹ saurai mener.

682 3402 971 127 Qui dont veist ꝯment il

688 3477 977 150 estoient esgarde des uns ⁊

688 3604 959 127 des autres. bien peust di

688 3708 971 127 re quil ne virent onques

688 3806 971 127 mais si gente damoisele.

688 3899 988 121 ne plus noblement cheuau

688 4003 982 127 chier a .ii. cheualiers. En

688 4101 1023 133 tele maniere furent esgar

682 4205 1000 139 de iusques au tref helcanꝰ

682 4320 971 133 qui aluis de son tref estoit

676 4430 954 133 olui Japhus le frison. Et

682 4523 960 138 quant il virent venir la

688 4632 954 133 pucele ⁊ les .ii. cheualiers

688 4731 959 138 si ne les ꝯgnurent mie. A

688 4846 1029 139 dont est la pucele descendue

688 4956 988 127 de son palefroi. Et seu vĩt

688 5066 971 133 deuant les damoisiaus qͥ

688 5181 977 127 mlt' gentement lont salu

688 5297 948 115 ee. Elle ne fu mie espoen

682 5401 954 127 tee ainz leur a leur salu

693 5487 983 139 rendu. Et leur dist biaus

693 5620 954 116 seigneurs je sui auois en

693 5718 995 185 uoiee de par ceulz que vous

1896 583 965 162 en uoiastes ou message pͬ

1855 716 885 138 parler apeliarmenus

2104 820 740 110 Uant li damoisel ont

2110 912 717 116 ce entendu. Si ont

1884 1010 949 116 eu trop gnͣt merueille.⁊

1890 1091 977 139 li distrent. Ha: damoise

1879 1218 977 122 le nous saurez vous a dire

1890 1322 960 110 chose qui nous puist recõ

1879 1415 965 133 forter en touz biens. A

1879 1501 982 151 dont leur a requis que on

1873 1629 994 127 li feist venir clỹodorus se

1879 1744 971 116 il estoit en lost. Dont dist

1873 1831 1000 127 helcanus. Damoisele faiteᷤ

1879 1940 965 122 vos cheualiers descendre.

1873 2039 965 127 Et puis si parlerons a voꝰ

1884 2125 960 133 aloisir. Biaus seigneurs

1879 2252 942 116 dist ele. il ne descendront

1873 2322 1006 144 mie deuant que ien aurai

1873 2449 977 133 besoing. De ce que ien ai

1879 2564 930 116 ci quis. mais celui que

1867 2663 937 115 ie demant me faites ve

1873 2767 948 121 nir. mais que ce soit vostre

1873 2847 954 145 volente. Dont la pristrent

1861 2957 966 139 helcanus ⁊ Japhus. et li di

1861 3067 972 133 strent venez seoir delez noꝰ.

1850 3171 954 115 Si parlerons avous. et sa

1861 3269 943 127 urons qui vous estes ne q̃

1873 3379 942 115 vous querez. Atant sont

1855 3477 954 110 entre es tentes ⁊ puis lidi

1844 3558 977 133 strent. Damoisele sachiez

1855 3679 966 127 que clỹodorus nest mie en

1855 3783 972 110 cest paỹs. Ainz est en une

1855 3876 954 138 gnͣt besoigne ou nous la

1850 3962 977 127 uons enuoie. Par foi dist

1844 4078 983 133 ele ie voudroie que il fust ci

1850 4188 965 115 Car bien me cougnoistroit

1850 4286 954 127 se il me veoit. Damoisele

1850 4378 959 127 dist helcanus. dites nous

1844 4482 960 150 abriez paroles qui vous e

1844 4592 954 144 stes. et que vous nos di

1850 4702 977 144 rez des messages. Car clỹ

1844 4829 971 115 odorus nest pas ci. Dont

1844 4927 948 121 a cele sachiee vne lectre.

1855 5037 943 127 de dessouz sa chape. Et la

1855 5141 931 133 mist en la main helcanꝰ

1844 5245 977 156 Dont laprise ⁊ esgardee et

1855 5366 983 144 vit que ele fu close ⁊ seelee

1855 5464 978 145 dune cire v’meille et auoit

1855 5574 931 133 en lemprainte le seel pelỹ

1861 5690 937 179 armenus empereeur de co

3064 537 994 185 stentinnoble. Et en la queue

3070 704 988 122 auoit escript amon chier on

3064 797 965 109 cle le roỹ de frise. Quant il

3070 878 977 144 ot ce veu. si la mist en lama

3070 976 948 144 iri Japhus. Et dist ceste le

3064 1086 960 127 ctre ne vient anul de nous

3070 1189 931 128 .ii.Quant Japhus la vit

3064 1293 954 128 Si rompi la cire. Et ouuri la

3064 1397 965 145 lectre ⁊ trouua dedẽz esc'pt

3295 1507 752 122 Son tres chier on

3301 1605 723 151 cle odonie le roỹ de fri

3018 1698 1023 138 se. Pelỹarmenus empereour

3058 1831 943 115 de costentinnoble. Salut et

3058 1929 937 115 bõne amour.Chier oncle

3058 2033 971 127 ꝯme il soit ainssi que ie aie

3052 2131 977 116 receue vostre lectre par vos

3047 2229 977 122 messages. li quel moult ap

3041 2327 983 133 pele de traỹson en ma presẽ

3047 2437 971 127 ce. Je vous fais assauoir q̃

3047 2535 1000 128 du mandement que vous ma

3047 2645 977 122 uez fait. Je nai mie conseil

3035 2743 989 128 que pour chose que iai mes

3035 2853 971 104 pris en vers nullui ne en v's

3041 2946 988 121 hõnie nul.queie doie mater

3035 3038 977 127 re ne mon empire vuidier

3041 3154 971 115 pour tel meschief faire de

3035 3246 966 121 ci a dont que plus fort mẽ

3029 3350 977 139 getera que ie ne sui. Et sa

3035 3448 983 121 chiez que mal cuidasse que

3035 3552 971 116 de vous deusse auoir tel mã

3029 3656 948 110 dement. mainz que dõme

3012 3743 1035 150 aqui il apartiengne de riẽs.

3272 3853 757 121 vant Japhus ot ce leu

3266 3957 717 115 si ꝯmenca le chief a

3029 4066 972 122 croller. Et dist al helcanus

3029 4170 983 127 Sachiez que ci a escript. Dõt

3023 4286 972 110 apris helcanus la lectre. et

3023 4355 1024 133 la lut de chief en chief. Et

3023 4482 960 133 dont demanda ala pucele

3018 4575 983 150 qui tele lectre li auoit bail

3012 4702 971 138 liee. Sire dist ele ce vous

3018 4794 971 139 saurai ie bien adire auant

3018 4921 1006 122 que ie de vous de parte. ma

3018 5031 977 127 is dites moi auant que les

3018 5141 971 121 nouueles vous auez oỹ de

3023 5227 978 145 ceulz que vous enuoiastes

3018 5366 948 116 el messages. Damoisele

3023 5447 978 139 nous auous oỹ dire que as

3023 5568 989 122 canus les afait occirre. Par

3018 5678 971 173 dieu sire dist ele ce na pas
