5273 6932
1306 554 1018 214 ment ele fu arriere en la seig

1312 750 1023 110 norie. tout leur compta que

1318 849 994 115 de riens ni failli. en tele ma

1318 947 994 104 niere ꝯme deuant est dit. ⁊

1318 1034 994 132 quant il ont ce oy. Sachiez

1312 1138 1006 132 que mlt' sen merueillierẽt

1312 1247 1029 116 Car onques mais nẽ auoi

1318 1363 1012 110 ent oy parler. En tele ma

1318 1461 1012 116 niere demorerent la nuit

1277 1559 1047 133 o lermite qui les aaisa de ce

1324 1675 433 115 que il pot.

1566 1704 764 196 Vant ce vint a len

1589 1888 729 122 demain. et il fu gnͣt

1318 1981 1040 127 heure. dont firent leur pla

1324 2096 1011 116 ies remuer. Et leur sem

1324 2195 1023 115 bla quil guerissoient tout

1335 2299 1012 115 Dont dist li vns a lautre ꝯ

1329 2391 1064 127 ment porrons nous partir

1335 2501 1035 110 de cest pays. Nous sauons

1335 2599 1000 121 bien que se nous sõmes a

1335 2709 995 121 perceuz que nous sõmes ṭ

1341 2813 989 121 mort. Dont souuint a

1335 2922 995 122 Mirrus de la pucele qui si

1341 3015 1012 133 gnͣt bien leur auoit fait.

1341 3102 1041 132 Et puis leur pria que il par

1341 3229 1000 109 eulz repairassent. Mais

1347 3327 983 115 puis penserent a ce quil

1347 3431 1000 110 auoient son frere mort.

1341 3523 1006 116 Si ne sorent que faire ou

1352 3627 1001 122 denuoier arriere pour se

1352 3737 978 121 cours a Gasus. ou a la pu

1358 3841 1006 110 cele pour sauoir quele vou

1358 3945 983 110 droit dire. de ce quil deuoi

1358 4020 1012 127 ent par la retorner. Par

1358 4130 1035 127 foi ce dist Mirrus nous noꝰ

1352 4245 983 122 en ꝯseillerons a nostre o

1358 4349 983 127 ste. ⁊ il si firent. et li dis

1364 4465 1012 121 trent ceste chose. Quant

1358 4575 1006 115 il lentendi. si leur dist. Ie

1364 4667 1023 139 vous dirai que vous ferez.

1364 4783 971 121 Bien a passe .xxx. anz. q̃

1364 4898 994 121 le pere a la pucele ⁊ a la me

1358 5008 1000 121 re. mlt' soustenu en cestui

1364 5112 1000 133 pays. Et sachiez quele est

1358 5233 1006 127 de si bõne vie. et si sage q̃

1358 5343 977 127 ele ne feroit chose ou il

1364 5453 1006 115 neust bõne raison. Ie li ị

1370 5551 1029 121 manderai par mon desciple

1370 5666 1012 110 que vous estes en tel point

1370 5765 1012 161 ci. et que ele mete conseil

2526 600 960 162 en vous par quoi vous soi

2526 745 983 98 ez arriere en frise. sanz le se

2526 843 989 110 u de celui ⁊ de ceulz qui vous

2532 941 960 87 ont mis en tel point. Et ie

2538 1034 977 121 sai bien que ele en fera son

2538 1138 959 115 pooir. Et puis que ele sen

2538 1247 983 127 meslera dont sai ie bien q̃

2538 1357 988 116 la besoigne sera bien faite.

2532 1461 1012 121 Sire dient il pour dieu pen

2538 1559 329 98 sez ent.

2781 1634 757 156 Ont a maintenant

2809 1784 723 116 li preudons apele sõ

2549 1888 995 116 desciple et li dist quil alast

2561 1992 954 122 a gonfort. et parlast a la

2549 2096 989 116 pucele qui auoit non Me

2549 2195 960 104 lode. Et li deist de par lui

2555 2293 1012 110 que .ii. cheualiers li estoiẽt

2561 2397 960 110 venu aussi ꝯme dauentu

2561 2489 994 122 re. Li quel estoient a si gnͣt

2555 2599 971 121 meschief que plus ne pooi

2555 2703 1018 121 ent estre. Si quele meist

2561 2807 971 115 conseil quil peussent sau

2561 2911 1017 115 uement aler en frise. dõt

2561 3009 1012 133 il estoient. Ha: sire pour

2561 3119 977 110 dieu dist Mirrus merci.

2549 3223 983 110 Ie vous ai dit que .i. sien

2561 3315 1017 127 frere fu a la bataille occis.

2567 3431 1017 115 de lagait qui nous fu fait

2567 3523 965 133 au vil pas. Ja si tost nor

2567 3627 1006 127 ra parler de frise. quele

2572 3743 1001 110 saura bien que nous sou

2572 3835 1001 116 mes cil qui son frere auõ

2567 3933 1017 116 occis. Ne vous chaut dist

2567 4043 994 116 li preudom. sil est ainssi q̃

2567 4147 1000 110 le ne vous veulle aidier

2561 4257 1023 121 ele ne vous greuera mie.

2567 4361 1035 115 Car encore vaudroit ce pis.

2567 4471 1023 127 Se elle sauoit que vous fus

2561 4586 1000 110 siez autres. Et puis quant

2572 4684 1012 122 vous venriez ⁊ ele vous re

2567 4794 988 116 congneust. si en fust esba

2567 4892 977 127 hie. ⁊ puis se ele vous vou

2567 5008 988 115 loit mal. si en seriez plus

2572 5118 972 127 entrepris. Sire distrent

2572 5245 1001 115 cil bien dites. Dont fu cil

2567 5343 971 127 bien escolez. ⁊ se mist a la

2590 5453 948 104 voie. et ne fina si vint a

2572 5539 1024 151 gonfort. Car il ni ot pas plꝰ

2804 5649 751 121 de .v. lieues petites.

2827 5747 728 214 vant il fu la venus

3694 618 1000 150 si fu bi congneus de chas

3694 745 948 121 cun ꝯme cil qui souuent

3688 843 954 115 y venoit. Dont fist il tant

3700 941 971 104 que il parla a la pucele et la

3700 1034 954 115 salua de par son maistre.

3700 1114 994 145 Bien ait il dist ele. et ꝯmẽt

3706 1253 942 104 le fait ydomies mes bons

3700 1345 942 133 amis. Par foi damoisele

3700 1455 965 116 il est si viex que de riens

3706 1571 965 115 ne se puet mes aidier. Si

3706 1675 994 109 menuoie a vous pour vne

3706 1779 988 115 besoigne dont il a en vous

3717 1877 948 121 mlt' gnͣt fiance. Car .ii.

3723 1975 989 121 de ses bons amis le vindrẽt

3711 2085 995 115 ceste semaine veoir a mlt'

3717 2189 995 110 gnͣt doutance. et tout au

3717 2287 1018 121 si sont il en gnͣt doute dau

3717 2397 931 115 cuns maufeteurs dont

3723 2478 977 133 il sont aguetiez. Si nosẽt

3723 2605 977 110 mie apertemẽt aler que il

3729 2703 994 116 ne soient cougneus. Et dõt

3723 2801 971 121 sont il dist la damoisele:

3729 2905 960 121 Il sont dist il de frise. Et q̃l

3723 2992 994 127 gent sont il dist ele. Et qnͣs

3723 3113 977 116 sont il dist ele. Damoisele

3723 3217 642 116 il sont .ii. dist il.

3943 3281 763 161 Vant la damoisele oy

3995 3425 659 133 celui en tele manie

3729 3529 925 127 re parler. Si pensa aus

3735 3633 954 133 messages qui par lui vind

3740 3749 943 109 drent qui bien estoient .x.

3740 3841 949 110 ou plus. Si fu aussi ꝯme

3740 3933 995 116 toute seure que ce nestoiẽt

3740 4043 966 110 nulz de ceulz. Et nõpour

3740 4136 995 127 qnͣt les atendoit ele de iour

3740 4251 966 121 en iour. Et les fesoit espi

3740 4349 977 168 er par les chemĩs. ou il de

3746 4476 943 122 uoient passer. que pour

3740 4580 1018 127 ce ne lessassent mie avenir

3746 4684 943 127 par ileuc pour cause de

3746 4788 925 127 son frere se il auoit este

3746 4904 966 121 occis en laguet. Car il la

3746 5008 989 127 uoient fet sus leur droit.

3740 5112 966 133 Amis dist la pucele a celi

3746 5233 983 127 Dites a mon bon ami ydoi

3746 5349 983 121 ne quil men uoit ce quil vo

3752 5447 954 121 udra. et ie ferai pour eulz

3758 5557 954 115 bõnement leur requeste.

3752 5643 965 127 Dont dist cilz. dont les atẽ

3752 5753 965 162 dez a demain bien tart. et
