5273 6932
1191 479 982 214 si dist ie ai gnͣt merueille de

1202 670 966 115 ce que tu diz. Sire dist il cest

1202 762 1012 116 toute veritez. et bien le vous

1202 860 1006 122 ferai sauoir qnͣt il vous pla

1202 958 977 122 ira. Cõment dist li dus em

1208 1068 983 116 porroie ie estre sages. Sire

1214 1161 971 127 dist cil volentiers le vous.

1202 1265 977 144 dirai. il na pas .xv. iours.

1202 1374 966 122 que ie vi Pelyarmenus en

1202 1467 995 138 la forest du Gaut. Et la a

1202 1588 1006 127 uoit il lui et sa mesniee tro

1202 1692 971 121 uue .i. cerf a .xiiii. rains.

1202 1796 966 121 Et de celui sestoit il aatiz.

1202 1900 1006 116 que celui chaceroit il ⁊ verro

1202 1998 1099 127 it qui aidier ou nuire li vou

1202 2096 989 128 droit. Et qnͣt sera ce dist li

1202 2200 989 145 dux. ce sera dist dyalogus

1196 2310 642 110 dui en .x. iours.

1393 2403 780 138 vant li dus loy. si sest

1410 2518 752 121 trop esioiz. Car dont

1202 2611 1000 132 sot il bien quil auroit eu de

1196 2720 1006 122 clarus ce quil en deuroit auo

1185 2824 1017 116 ir. Dont li dist li dus. Amis

1185 2917 971 127 or te sueffre. ⁊ garde seur

1185 3026 1012 122 ta vie que nulz ne sache ce

1179 3130 994 128 ste chose. deuant que ie ta

1185 3240 1023 116 pelerai. Sire dist il. non fe

1173 3338 1041 122 ra len. Dont demora la chose

1185 3454 1035 115 en tele maniere. Li dux qui

1179 3558 983 110 auoit pris laatine au duc

1179 3650 1041 116 de laomedon. ne la mist pas

1173 3743 1018 121 en oubli. Ainz sen vint a hel

1179 3853 1041 121 canus ⁊ aus autres princes

1179 3951 994 121 et leur dist. Biaus seigne

1185 4055 994 115 urs sauez vous point de la

1179 4153 1000 127 tahyne qui est entre moi ⁊

1173 4263 1006 127 le duc de laomedon. Cer

1179 4367 971 121 tes distrent il. nous nen

1179 4476 1023 122 sauons riens. dites nous

1179 4575 1006 132 quele latayne est. Si ferez

1179 4679 1041 138 courtoisie. En non dieu dist

1173 4794 1000 139 il volentiers. Dont leur

1173 4921 977 122 conta que le quart iour

1173 5025 1035 127 que le poigneis fu remez de

1167 5141 1030 127 lui ⁊ de sa gent. Que clerus

1167 5250 1058 133 ⁊ il estoient en tel point chas

1173 5366 983 110 cuns quil ne pooient venir

1162 5470 1006 116 au chaple des espees ensem

1173 5568 1012 127 ble. Ainz ꝯmenca li vns la

1162 5672 1011 260 utre a ramporner. ⁊ mape

2422 456 966 266 la li dux clerus cheualier

2416 698 960 110 recreant et traiteur. Et

2422 785 995 139 ie li respondi que recreant

2422 889 943 116 et traiteur nauoie ie on

2422 982 954 127 ques este. et que ce li fero

2416 1080 954 144 ie ie sauoir se il venoit ẽ

2428 1201 948 116 point ⁊ en lieu ou il neust

2422 1299 943 122 que nous .ii. Clerus dist

2416 1403 960 122 que voirement le me pro

2422 1496 1029 133 ueroit il. mes que nulz fors

2428 1611 1012 127 que nous .ii. ne sen meslast

2422 1721 948 115 Dont preismes .i. iour ⁊

2405 1819 960 133 la fiasmes li vns a lautre.

2613 1923 763 110 vant li baron ont ce

2601 2021 775 122 ste chose seue. mlt' sẽ

2411 2108 971 139 sont esmerueillie. ⁊ demã

2411 2218 994 133 derent a karus le iour que

2405 2327 954 122 il deuoient aler ensemb

2405 2420 948 139 ble. Il dist au .vii. iour.

2405 2530 971 127 Dont dist Helcanus. dõt

2405 2639 994 128 doit ce estre entre ci ⁊ .iii.

2405 2743 948 122 iours. Sire dist il. vous

2405 2853 936 110 dites verite. Et ꝯment

2411 2940 988 156 dist il vous en siet li cuers

2405 3050 960 127 ꝯment dist li dus. Ie ne le

2411 3159 971 122 roie pour lempire de rõme

2416 3263 943 116 que ie ni fusse en quel lieu

2411 3367 977 116 que ie soie. ne en quel que

2405 3466 1017 155 point. Qnͣt il lentendirẽt

2405 3575 971 110 si lont mlt' prisie. Dont li

2399 3673 994 116 dist Helcauus. Sire sachiez

2393 3760 943 133 que mlt' ai oy clerus pri

2393 3870 989 121 sier. Et dit chascuns quil

2399 3974 971 121 est cheualier trop puissãz

2393 4072 977 144 Sire ce dist karus. Ie croi

2393 4182 925 115 quen toute Grece si gnͣt

2399 4292 994 121 ꝯme ele est. na cheualier

2399 4396 954 115 de sa force ne de son harde

2399 4505 948 116 ment. Mais en vne chose

2393 4609 943 116 me fie ie. que ie onques

2393 4707 989 133 traitres ne fui. ne traison

2387 4817 954 133 ne pourchacai ne ne fis.

2387 4944 954 116 Et encore plus. mespee

2382 5043 971 127 ne fu onques rendue a hõ

2393 5158 931 121 me. par recreandise qui

2376 5274 994 121 en moi fust. Et de ces .ii.

2382 5383 977 116 choses me cuit ie bien des

2382 5482 948 127 fendre en v's lui. et fust

2382 5591 965 127 encore plus souffisanz q̃

2387 5707 920 156 il ne soit. Adont ni ot

3590 525 983 243 nul qui lentendist a qui les

3590 716 954 121 lermes ne soient venues ị

3590 820 954 115 as iex. Car il sauoient bi

3584 918 966 110 en que il estoit souffisanz

3590 1016 966 133 cheualiers. Si orent dou

3590 1120 931 116 te de lui. ⁊ parlerent de

3590 1213 942 121 moult de choses. ⁊ tant q̃

3584 1317 948 121 li iours fu venus de la ta

3578 1421 943 121 hyne. karus se fist mlt'

3596 1519 954 133 diligaument appareilli

3578 1629 954 138 er. et li fu amenez .i. che

3584 1744 943 121 ual. qui fu a helcanus. q̃

3578 1836 943 133 li rois de frise li ot donne

3578 1940 943 122 et ne sot on meilleur en

3578 2044 937 122 cel pays. karus vint a

3573 2143 977 127 lui. et volt sa force espro

3578 2247 954 127 uuer tout en tele manie

3578 2339 937 133 re ꝯme il fu arme sailli

3573 2455 936 115 en la sele. que onques a

3573 2559 977 127 estrier ne se volt prendre

3573 2663 936 121 Qnͣt li baron le virent

3567 2761 948 127 si distrent que grant le

3567 2865 931 104 gierete auoit faite. Il

3578 2969 972 127 demanda sa targe bien fu

3573 3061 936 139 qui li donna. Apres prist

3573 3177 959 133 son glaiue. ⁊ prist congie

3573 3292 965 116 aus barons qui lont ꝯmã

3573 3385 931 121 de a dieu. et mlt' y ot de

3561 3489 954 115 tiex qui gnͣs souspirs ge

3567 3587 948 121 terent. Car mlt' sen dou

3561 3679 948 150 terent pour le pris de ce

3561 3789 474 127 lui clerus.

3758 3887 786 127 I dus de lembourc qͥ

3775 4003 734 115 mlt' estoit sages et

3573 4089 942 127 soutilz de garde doutoit

3561 4199 943 121 ce que auenir pooit. et

3567 4297 954 139 fist armer Mil cheualiers

3567 4413 948 127 de sa gent. pour ce que se

3561 4517 960 144 mestier estoit que il fus

3561 4621 937 127 sent appareillie. Et nul

3561 4725 995 162 mestier nen estoit Clerus

3555 4835 937 156 doutoit de ceulz dehors

3550 4956 965 144 si fist ꝯme partie de sa

3550 5060 959 150 gent aprester. ⁊ il meis

3555 5170 1018 144 mes si ꝯme pour souneur

3538 5279 994 156 garder. Dont sen issi par

3555 5395 954 139 vne fausse posterner. ⁊

3550 5499 977 167 sen vint la ou karus esto

3544 5614 954 133 it ⁊ latendoit. Quant

3550 5718 954 208 li vns vit lautre. il ni
