5273 6932
1266 433 1012 185 ⁊ feri desesperons . et vint v's

1271 600 978 122 lui touz enragiez. ⁊ le feri de

1266 704 1000 110 toute sa force. Si que vousist

1271 802 1018 110 ou non le couuint cheoir seur

1271 889 1024 145 le col de son destrier. Dont cu

1271 993 978 127 ida recouurer lautre cop. ị

1289 1097 960 127 Mais helcanus sest redreciez

1271 1201 989 162 ⁊ a son cheual tire ⁊ le cop ị

1283 1311 960 127 descendi a terre. de tele v'tu

1277 1415 1018 133 que lespee li vola de la maĩ.

1283 1530 977 127 Et qnͣt helcanus vit ce. Si

1289 1640 1006 116 neust lessie pour tout le mõ

1289 1744 994 116 de. que il ne li fust seure cou

1289 1842 1041 127 ru. Lors vint auant lespee

1283 1940 1023 122 du poing ⁊ lescu auant mis

1289 2039 1000 127 Dont sest Pelyarmenus cou

1295 2148 983 122 uers. Mais si bien ne le sot

1300 2235 1030 144 faire que lespee ne soit des

1289 2351 1012 132 cendue parmi lescu ⁊ parmi

1283 2460 1029 127 le hyaume de si gnͣt force que

1283 2564 995 122 le cercle couuint couper et

1277 2674 1006 116 la coiffe ⁊ le bacin. ⁊ lui me

1283 2772 989 116 ismes tout encliner. ⁊ trop

1283 2865 1012 127 gnͣt merueille fu que il ne la

1283 2974 1058 133 tout pourfendu a ce cop. Meᷤ

1271 3078 1064 128 les bonnes armeures dont il

1283 3182 983 128 esfoit armez le tenserent. Et

1283 3298 995 116 il fu cheualier de tres gnͣt

1295 3390 983 116 vertu. Si soustint le coup.

1289 3489 1023 121 Dont cuida helcanus recou

1289 3593 989 115 urer. Mais il guenchi ⁊ pas

1271 3685 1012 127 sa avant. ⁊ sespee li fu ren

1283 3789 1029 144 due. Et dont sentrepristrẽt

1277 3893 977 116 li dui frere. Car mie ne sen

1277 3991 960 121 tre congnurent. Et se il se

1283 4084 995 132 fussent congneu ia pire nẽ

1271 4211 989 115 eust este lescremie. Mais

1283 4309 983 121 encore meilleur. Dont cha

1277 4419 989 121 plerent mlt' longuement

1283 4528 960 127 ensemble. ꝯme cil qui mlt' a

1283 4638 966 121 uoient force ⁊ hardement.

1271 4748 972 127 Mais en la fin en eust pe

1271 4852 1012 133 lyarmenus eu le pieur qnͣt

1271 4973 989 127 le duc de laomedon le secou

1283 5083 948 127 rut. Cilz fu cheualiers de

1271 5193 966 121 gnͣt force si ꝯme il parut

1271 5308 1007 127 le iour aus frisons. En tele

1277 5418 954 110 maniere tindrent lestour

1277 5522 966 121 dune partie ⁊ dautre. Si q̃

1271 5626 989 214 trop estoit gnͣt merueille

2491 491 978 150 ꝯment il pooient tant sof

2497 623 931 116 frir. Et non pourqnͣt des

2497 727 920 116 griex y ot la plus grant

2497 820 948 104 partie. Dont il deuoient bi

2497 924 954 121 en auoir victoire seur eulz

2491 1022 978 156 se il eussent raison ne droit

2497 1120 948 145 mais nõ auoient. Car il ui

2497 1241 989 128 auoit nul deulz qui ne fussẽt

2497 1334 977 133 tout renoie traiteur ⁊ ma

2497 1438 966 133 uuais et plain de gnͣt felõnie

2491 1553 966 128 Que vous iroie ie contant

2497 1657 977 127 ne delaiant tant ont feru

2503 1738 989 139 ⁊ chaple ensemble que biẽ

2497 1871 977 116 y parut en la fin. Mais a tãt

2497 1964 966 127 me veul ore souffrir a parler

2497 2056 960 139 deulz pour reuenir a ceulz qͥ

2497 2166 960 138 estoient dedenz la cite. Com

2503 2270 942 121 ment karus se parti de Mir

2497 2379 943 156 rus et sen ala en la cite de

2497 2489 902 168 Nise. Si ꝯme vous orrez.

3058 3812 359 116 R dist li ꝯ

3058 3922 393 121 tes que qnͣt

3064 4026 347 115 karus se

3070 4130 335 121 fu partiz

3058 4234 382 121 de Mirrus

3041 4344 416 115 que il vint

3035 4448 428 121 en la cite de

2486 4546 925 127 Nise. ⁊ fu mlt' ꝯioiz de son

2491 4661 960 122 frere ⁊ de touz. Et li ont de

2491 4771 926 121 mande a qui il auoit cha

2486 4881 954 121 ple. Lors conta ses auen

2491 4985 989 162 tures en tele maniere que

2480 5100 960 127 ele li estoient auenues. ⁊

2486 5210 977 127 qnͣt il lont entendu si lont

2486 5320 936 127 moult prisie. Et dist asca

2486 5435 936 116 nus. Biaus freres. bien

2491 5534 954 121 vous doi amer. Qnͣt vous

2474 5649 954 144 en tel peril vous estes mis

3636 496 989 168 pour lamour de moi. Dont

3636 641 983 138 li demanda de Pelyarmenus

3642 745 925 115 ꝯment il auoit respondu

3648 843 948 110 du mandement que si li auo

3642 941 948 110 it fait. Frere dist il. dedenz

3648 1039 936 133 .viii. iours ou .x. aurez voꝰ

3625 1138 965 132 Pelyarmenus de denz ceste

3596 1247 936 139 cite a tout .xxxm. griex.

3873 1345 694 139 vant ascanus loy. Si

3868 1461 716 121 tressailli touz de ioie.

3654 1536 919 162 Dont ne douta riens ainz

3648 1669 942 133 ont fait ioie par toute la

3654 1773 936 127 ville. et ont le secours at

3648 1888 948 110 tendu touz les.viii. iours.

3654 1981 936 121 Et quant ce vint au nou

3654 2091 965 109 uiesme si esgarderent. et vi

3654 2189 919 115 rent que cil dehors se desse

3654 2287 948 127 urerent. Lors sorent bien

3654 2391 925 127 que il aloient a lencontre

3648 2501 948 115 de Pelyarmenus. Et maĩ

3648 2599 936 121 tenant que il sorent que

3648 2703 954 121 il furent a lui assemble. si

3648 2807 989 115 sont hors issu qui miex mi

3648 2911 936 121 ex. et ont ceulz du siege a

3648 3015 948 104 cueilliz de toutes pars. Si

3630 3113 1041 127 ꝯme cil. qui bien furent .xxxm.

3654 3229 942 115 par nombre. touz aprestez

3654 3327 942 121 de mort receuoir. quant

3648 3425 948 127 plus ne se porroient desfen

3654 3529 936 127 dre. Quant frison virent

3648 3639 971 115 ce. si lont noncie par tout

3648 3737 960 104 Et furent mlt' tost a lencõ

3648 3841 977 116 tre. Qui dont veist karus

3654 3933 942 122 ꝯment il se feri es frisons

3654 4032 930 127 tout en autel maniere ꝯ

3654 4141 965 122 me fait lileus entre lesbͤ

3654 4240 959 121 bis ⁊ il est fameilleus. tout

3654 4338 913 138 aussi fait cil. qui mlt' gnͣt

3665 4448 925 144 vertu auoit en soi. Asca

3654 4563 965 133 nus ⁊ li autre. ne se porent

3654 4673 942 138 assazier. Quant frisons

3659 4788 943 127 virent ce si pristrent cuer

3654 4892 919 133 en eulz. ⁊ les ont recueilliz

3654 5002 948 139 tant fierement que bien

3648 5112 948 133 le pot on veoir. Car si ꝯme

3648 5222 954 138 ie le truiz lisant en autele

3654 5337 919 127 maniere les recurent que

3648 5453 925 121 gnͣs fu la destruction. ⁊ du

3648 5562 931 116 ne part ⁊ dautre. Heleus

3654 5649 936 214 ⁊ son frere. Nazarus qui la
