5273 6932
803 479 983 214 re dist Pelyarmenus mlt' es

809 675 983 110 tes de grant enging plains

809 756 1000 122 quant vous de tel chose vous

803 866 972 116 sauez entremetre. Dites ị

803 935 1024 145 moi dont vous venez. ne com

803 1068 1000 110 ment il vous a puis este que

803 1166 1000 116 ie vous en fis partir de cest

809 1265 971 127 pays.Sire dist il ie vous

803 1369 989 121 puis bien dire que onques

797 1473 983 121 puis ie ne fui en autre serui

797 1588 989 121 se que el vostre. Et sachiez q̃

786 1698 1017 110 par moi furent mort ⁊ occis

797 1802 978 110 li message qui ci furent en

809 1877 977 127 uoie a uous.fors .ii. qui noꝰ

792 1998 977 110 eschaperent qui furent tel

797 2102 983 116 meue.que par raison ne de

786 2200 983 116 ussent iamais estre veu en

786 2299 983 121 hostel de preudõme. Mais

792 2403 988 127 li deables les asi gueriz que

786 2512 983 127 en toute lost helcanus na

792 2616 1023 110 mie maintenant .ii. cheua

792 2720 965 110 liers qui tant facent adou

792 2819 965 115 ter. Mais se engins ⁊ aide

786 2894 989 150 ne me faut.Ceulz ⁊ autres

792 3015 983 127 vous cuit ie metre en uostͤ

763 3130 994 116 main de denz court terme.

982 3234 769 180 vant Pelyarmenus ot

994 3333 746 115 oye la traison.Si li ị

786 3425 1012 127 mist les braz au col. ⁊ lidist

786 3535 1012 121 voirement estes vous mes

780 3633 1012 121 freres et mes amis.Or veul

780 3743 971 115 ie que uous me dites ꝯmẽt

797 3824 966 133 Ascanus fu occis ⁊ la cite sai

780 3945 995 104 sie. Sire dist il.ce vous sai ie

780 4043 971 116 bien dire.Car onques ba

780 4153 983 115 taille ne assaut il ni ot q̃

774 4245 1006 127 ie ni aie este present. Dont

774 4361 977 115 li conta entel maniere cõ

774 4476 972 116 me li affaires auoit ale. ꝯ

774 4563 1024 127 me cilz qui mlt' bien lauoit

774 4684 960 127 en retenance. Et qnͣt Pe

774 4800 995 121 lyarmenus la entendu. Si

774 4904 977 133 en ot mlt' gnͣt merueille. ⁊

774 5014 1006 127 plus en redouta ses anemis

763 5135 1006 121 Et vit bien que se il nauo

768 5245 989 121 it secours dautres que de

780 5343 971 127 ceulz de grece.il ne porroit

774 5458 977 122 auoir duree au loing al'.

763 5568 988 110 Sire ce dist dyalogus. iai

768 5678 1012 162 pense vne chose que se nous

1977 479 1006 202 la poons faire que nous me

1983 670 954 104 trons touz ceulz de la au

1983 762 954 116 dessouz.Quele seroit ele

1988 860 949 110 dist pelyarmenus. Dont

1983 958 1006 110 li dist dyalogus que il estoit

1983 1051 977 127 mlt' priuez de Karus le duc

1983 1166 1000 116 de Nise. Et que par lui estoit

1977 1270 977 116 il la venus.pour sauoir la

1983 1369 977 115 couuenauce de lui. ⁊ ꝯment

1977 1478 965 116 il ie porroit miex sorpren

1983 1588 994 116 dre. ⁊dist.vous aurez ap

1983 1692 959 110 pareillie Mil armeures de

1977 1761 994 151 fer des plus prisiez que vous

1983 1894 954 98 aurez et les faites enbus

1977 1992 942 110 chier en .i. agait. en .i. li

1971 2068 977 144 eu que on apele laomedon.

1977 2195 965 115 Et la endroit ferai ie entẽ

1971 2299 977 115 dant.que ie vous aurai ve

1971 2397 954 115 u descongneu. Et aurai ꝑ

1971 2478 971 138 le en tel maniere que ie voꝰ

1965 2605 966 115 amẽrai helcanus si seul q̃

1965 2715 972 104 il nesera mie plus delui cen

1971 2807 948 115 tiesme lui. Et se ie le puis

1965 2882 972 133 la amener. Sile porrez pren

1965 3003 954 122 dre. ⁊ faire ent vostre volen

1965 3113 954 121 te.ꝯme de celui qui naura

1960 3223 803 115 pooir delui desfendre.

2185 3304 729 133 vant Pelyarmenus

2000 3425 925 121 oy ce.Si pensa que qͥ

1965 3529 966 116 ainsi le porroit faire. que il

1965 3627 896 116 auroit mlt' bien esploitie.

1965 3725 949 116 Dont lidist frere. Ie ferai

1965 3824 954 127 par ton conseil.Car tues

1965 3928 966 121 de mlt' gnͣt enging. Dont õt

1954 4037 931 110 ceste chose entele maniere

1948 4118 954 122 porueue. Et ne satargent

1960 4222 971 145 mie quil ne sappareillassẽt

1960 4349 925 116 Meismes pelyarmenus yfu

1960 4453 942 127 qui auoit passe touz ceulz qͥ

1960 4552 942 138 adont viuoient de fol har

1954 4667 954 133 dement. Dont ne finerent

1948 4771 989 121 par leur iournees.si vindrẽt

1948 4892 977 110 el pays.et se mistrent en .i.

1954 5002 960 127 chastel qui estoit assez pres

1971 5100 260 226 delost.

2168 5210 734 144 yalogus sest partiz

2156 5337 723 110 deulz tout en autel

1948 5435 948 127 maniere ꝯme il estoit par

1942 5534 960 121 tiz de Karus. Il ne fina.si

1965 5643 937 191 vint deuaut laomedon.

3162 450 1012 214 et trouua que clerus sestoit

3168 635 994 121 mis hors du chastel ⁊ yauoit

3162 727 1000 127 eu gnͣt hustin a ceulz delost.

3168 826 994 127 Li dus meismes ifu naurez

3162 930 971 121 et auoit liafaires en tele

3162 1022 966 139 maniere ale. que il auoit

3162 1126 943 139 pris iour de iouste a clerus

3162 1230 971 150 qui recreant ⁊ traiteur la

3162 1340 983 133 uoit apelle. Dyalogus vint

3156 1432 983 156 deuaut lui entele maniere

3156 1553 989 139 que len le remuoit desa pla

3162 1663 960 127 ie. Et le salua mlt' deuote

3162 1767 960 121 ient. Li dux le cougnut

3162 1865 954 127 ainssi ꝯme il sestoit delui

3156 1952 966 133 partiz. Dont lifist bien vei

3162 2068 954 121 gnant ⁊ signe que il salast

3162 2177 943 122 metre en acre point ⁊ ve

3174 2276 948 155 nist parler alui.et il sifist.

3393 2379 735 133 Dout fu li dus appare

3405 2483 694 110 illiez. sise sont mis

3110 2582 995 133 dune part. Et li enquist li

3151 2697 971 122 dus de pelyarmenus.Sire

3151 2795 965 110 dist il iai mlt' bien cerchie

3145 2871 983 138 en pluseurs liex.Et sachiez

3151 3003 1017 122 que pelyarmenus ne doute

3145 3107 1006 122 hõme quile puisse vaincre

3133 3206 972 127 fors Helcanus. Et de lui

3139 3315 1006 110 se gaite il.Car ia enbata

3145 3419 994 116 ille ou il soit nese metra.

3145 3517 1041 122 Comment dist li dux sez tu

3139 3627 983 110 ce. En nondieu dist il. ie le

3145 3714 1012 127 vous dirai. lai .i. mien fre

3145 3818 965 115 re qui mlt' est priuez delui.

3127 3916 983 121 Et tant ai fait que iai ꝑ

3127 4014 1018 139 le alui.et me dist quil aveu

3127 4130 1035 127 en ses sors ꝯme celui qui plꝰ

3122 4240 1000 121 en set que tout le monde. q̃

3127 4344 1012 115 taut ꝯme il sera en bataille

3116 4448 989 121 ou Helcamus soit.que il ia

3122 4552 977 127 neperdra laterre. Ainz en

3122 4655 977 133 laisse couuenir ses hõmes.

3122 4771 971 133 et ne sen mesle si ꝯme iai

3139 4881 966 127 veu.Et ie sai bien dist dy

3116 4996 983 127 alogus.si sest descongneuz

3122 5106 1011 127 et nest maintenant de nu

3110 5227 989 122 lui congneus que de ceulz

3127 5430 960 150 fors aler en bois ⁊ en riuie

3341 5551 145 110 res

3382 5649 711 289 vant li dus lentendi
