<?xml version="1.0" encoding="UTF-8"?>
<alto xmlns:xsi="http://www.w3.org/2001/XMLSchema-instance"
      xmlns="http://www.loc.gov/standards/alto/ns-v4#"
      xsi:schemaLocation="http://www.loc.gov/standards/alto/ns-v4# http://www.loc.gov/standards/alto/v4/alto-4-2.xsd">
  <Description>
    <MeasurementUnit>pixel</MeasurementUnit>
    <sourceImageInformation>
      <fileName>f.178v.jpg</fileName>
      
    </sourceImageInformation>
  </Description>
  
  <Tags>
    <OtherTag ID="BT3132" LABEL="MainZone#3" DESCRIPTION="block type MainZone#3"/><OtherTag ID="BT3131" LABEL="TitlePageZone" DESCRIPTION="block type TitlePageZone"/><OtherTag ID="BT3130" LABEL="TableZone" DESCRIPTION="block type TableZone"/><OtherTag ID="BT3129" LABEL="StampZone" DESCRIPTION="block type StampZone"/><OtherTag ID="BT3128" LABEL="SealZone" DESCRIPTION="block type SealZone"/><OtherTag ID="BT3127" LABEL="RunningTitleZone" DESCRIPTION="block type RunningTitleZone"/><OtherTag ID="BT3126" LABEL="QuireMarksZone" DESCRIPTION="block type QuireMarksZone"/><OtherTag ID="BT3125" LABEL="NumberingZone" DESCRIPTION="block type NumberingZone"/><OtherTag ID="BT3124" LABEL="MusicZone" DESCRIPTION="block type MusicZone"/><OtherTag ID="BT3123" LABEL="MarginTextZone" DESCRIPTION="block type MarginTextZone"/><OtherTag ID="BT3122" LABEL="GraphicZone" DESCRIPTION="block type GraphicZone"/><OtherTag ID="BT3121" LABEL="MainZone#2" DESCRIPTION="block type MainZone#2"/><OtherTag ID="BT3120" LABEL="MainZone#1" DESCRIPTION="block type MainZone#1"/><OtherTag ID="BT3119" LABEL="DropCapitalZone" DESCRIPTION="block type DropCapitalZone"/><OtherTag ID="BT3118" LABEL="DigitizationArtefactZone" DESCRIPTION="block type DigitizationArtefactZone"/><OtherTag ID="BT3117" LABEL="DamageZone" DESCRIPTION="block type DamageZone"/>
    <OtherTag ID="LT1087" LABEL="DefaultLine" DESCRIPTION="line type DefaultLine"/><OtherTag ID="LT1091" LABEL="MusicLine" DESCRIPTION="line type MusicLine"/><OtherTag ID="LT1090" LABEL="InterlinearLine" DESCRIPTION="line type InterlinearLine"/><OtherTag ID="LT1089" LABEL="HeadingLine" DESCRIPTION="line type HeadingLine"/><OtherTag ID="LT1088" LABEL="DropCapitalLine" DESCRIPTION="line type DropCapitalLine"/>
  </Tags>
  
  <Layout>
    <Page WIDTH="5273"
          HEIGHT="6932"
          PHYSICAL_IMG_NR="12"
          ID="eSc_dummypage_">
      <PrintSpace HPOS="0"
                  VPOS="0"
                  WIDTH="5273"
                  HEIGHT="6932">
        
        <TextBlock HPOS="1128"
                   VPOS="2362"
                   WIDTH="342"
                   HEIGHT="295"
                   ID="eSc_textblock_c6f1764d"
                   TAGREFS="BT3119">
          <Shape><Polygon POINTS="1155 2399 1128 2657 1470 2639 1470 2362"/></Shape>
          
          
          <TextLine ID="eSc_line_f7ae2e9d"
                  TAGREFS="LT1088"
                    BASELINE="1171 2540 1396 2549" 
                    HPOS="1150"
                    VPOS="2379"
                    WIDTH="243"
                    HEIGHT="353">
            <Shape><Polygon POINTS="1167 2535 1167 2379 1393 2385 1393 2547 1376 2732 1150 2726"/></Shape>
	    <String CONTENT="Q"
                    HPOS="1150"
                    VPOS="2379"
                    WIDTH="243"
                    HEIGHT="353"></String>
          </TextLine>

          
        </TextBlock>
        
        <TextBlock HPOS="1078"
                   VPOS="506"
                   WIDTH="1134"
                   HEIGHT="5355"
                   ID="eSc_textblock_54fce6bc"
                   TAGREFS="BT3120">
          <Shape><Polygon POINTS="1078 506 1078 5861 2212 5861 2212 506"/></Shape>
          
          
          <TextLine ID="eSc_line_4962902c"
                    TAGREFS="LT1087"
                    BASELINE="1191 635 2173 658" 
                    HPOS="1173"
                    VPOS="543"
                    WIDTH="995"
                    HEIGHT="155">
            <Shape><Polygon POINTS="1185 629 1185 543 2162 560 2168 652 2156 698 1173 681"/></Shape>
	    <String CONTENT="si dist ie ai gnͣt merueille de"
                    HPOS="1173"
                    VPOS="543"
                    WIDTH="995"
                    HEIGHT="155"></String>
          </TextLine>

          
          
          <TextLine ID="eSc_line_b22c6160"
                    TAGREFS="LT1087"
                    BASELINE="1202 739 2168 756" 
                    HPOS="1185"
                    VPOS="548"
                    WIDTH="977"
                    HEIGHT="249">
            <Shape><Polygon POINTS="1196 733 1196 548 2162 560 2162 750 2150 797 1185 779"/></Shape>
	    <String CONTENT="ce que tu diz. Sire dist il cest"
                    HPOS="1185"
                    VPOS="548"
                    WIDTH="977"
                    HEIGHT="249"></String>
          </TextLine>

          
          
          <TextLine ID="eSc_line_6994ca02"
                    TAGREFS="LT1087"
                    BASELINE="1202 831 2214 843" 
                    HPOS="1185"
                    VPOS="739"
                    WIDTH="1023"
                    HEIGHT="156">
            <Shape><Polygon POINTS="1196 826 1196 739 2208 739 2208 837 2197 895 1185 866"/></Shape>
	    <String CONTENT="toute veritez. et bien le vous"
                    HPOS="1185"
                    VPOS="739"
                    WIDTH="1023"
                    HEIGHT="156"></String>
          </TextLine>

          
          
          <TextLine ID="eSc_line_3659b72f"
                    TAGREFS="LT1087"
                    BASELINE="1202 941 2208 941" 
                    HPOS="1191"
                    VPOS="837"
                    WIDTH="1011"
                    HEIGHT="156">
            <Shape><Polygon POINTS="1196 935 1196 837 2202 854 2202 935 2197 993 1191 987"/></Shape>
	    <String CONTENT="ferai sauoir qnͣt il vous pla"
                    HPOS="1191"
                    VPOS="837"
                    WIDTH="1011"
                    HEIGHT="156"></String>
          </TextLine>

          
          
          <TextLine ID="eSc_line_a51130c4"
                    TAGREFS="LT1087"
                    BASELINE="1202 1034 2179 1045" 
                    HPOS="1185"
                    VPOS="941"
                    WIDTH="988"
                    HEIGHT="156">
            <Shape><Polygon POINTS="1196 1028 1196 941 2173 953 2173 1039 2162 1097 1185 1086"/></Shape>
	    <String CONTENT="ira. Cõment dist li dus em"
                    HPOS="1185"
                    VPOS="941"
                    WIDTH="988"
                    HEIGHT="156"></String>
          </TextLine>

          
          
          <TextLine ID="eSc_line_10665a59"
                    TAGREFS="LT1087"
                    BASELINE="1208 1143 2191 1155" 
                    HPOS="1191"
                    VPOS="1045"
                    WIDTH="994"
                    HEIGHT="150">
            <Shape><Polygon POINTS="1202 1138 1202 1045 2179 1057 2185 1149 2173 1195 1191 1178"/></Shape>
	    <String CONTENT="porroie ie estre sages. Sire"
                    HPOS="1191"
                    VPOS="1045"
                    WIDTH="994"
                    HEIGHT="150"></String>
          </TextLine>

          
          
          <TextLine ID="eSc_line_a645b7f4"
                    TAGREFS="LT1087"
                    BASELINE="1214 1236 2185 1247" 
                    HPOS="1196"
                    VPOS="1138"
                    WIDTH="983"
                    HEIGHT="167">
            <Shape><Polygon POINTS="1208 1230 1208 1138 2173 1155 2179 1241 2168 1305 1196 1293"/></Shape>
	    <String CONTENT="dist cil volentiers le vous."
                    HPOS="1196"
                    VPOS="1138"
                    WIDTH="983"
                    HEIGHT="167"></String>
          </TextLine>

          
          
          <TextLine ID="eSc_line_af5b55d6"
                    TAGREFS="LT1087"
                    BASELINE="1202 1340 2179 1363" 
                    HPOS="1185"
                    VPOS="1253"
                    WIDTH="988"
                    HEIGHT="150">
            <Shape><Polygon POINTS="1196 1334 1196 1253 2168 1276 2173 1357 2162 1403 1185 1392"/></Shape>
	    <String CONTENT="dirai. il na pas .xv. iours."
                    HPOS="1185"
                    VPOS="1253"
                    WIDTH="988"
                    HEIGHT="150"></String>
          </TextLine>

          
          
          <TextLine ID="eSc_line_5e90bd8d"
                    TAGREFS="LT1087"
                    BASELINE="1202 1449 2168 1461" 
                    HPOS="1185"
                    VPOS="1357"
                    WIDTH="977"
                    HEIGHT="150">
            <Shape><Polygon POINTS="1196 1444 1196 1357 2162 1369 2162 1455 2150 1507 1185 1496"/></Shape>
	    <String CONTENT="que ie vi Pelyarmenus en"
                    HPOS="1185"
                    VPOS="1357"
                    WIDTH="977"
                    HEIGHT="150"></String>
          </TextLine>

          
          
          <TextLine ID="eSc_line_a77f4120"
                    TAGREFS="LT1087"
                    BASELINE="1202 1548 2197 1571" 
                    HPOS="1185"
                    VPOS="1455"
                    WIDTH="1006"
                    HEIGHT="162">
            <Shape><Polygon POINTS="1196 1542 1196 1455 2191 1467 2191 1565 2179 1617 1185 1594"/></Shape>
	    <String CONTENT="la forest du Gaut. Et la a"
                    HPOS="1185"
                    VPOS="1455"
                    WIDTH="1006"
                    HEIGHT="162"></String>
          </TextLine>

          
          
          <TextLine ID="eSc_line_6cf9ff9d"
                    TAGREFS="LT1087"
                    BASELINE="1202 1675 2208 1675" 
                    HPOS="1191"
                    VPOS="1571"
                    WIDTH="1011"
                    HEIGHT="162">
            <Shape><Polygon POINTS="1196 1669 1196 1571 2202 1582 2202 1669 2197 1733 1191 1727"/></Shape>
	    <String CONTENT="uoit il lui et sa mesniee tro"
                    HPOS="1191"
                    VPOS="1571"
                    WIDTH="1011"
                    HEIGHT="162"></String>
          </TextLine>

          
          
          <TextLine ID="eSc_line_b68ade07"
                    TAGREFS="LT1087"
                    BASELINE="1202 1773 2173 1784" 
                    HPOS="1185"
                    VPOS="1675"
                    WIDTH="983"
                    HEIGHT="156">
            <Shape><Polygon POINTS="1196 1767 1196 1675 2168 1686 2168 1779 2156 1831 1185 1819"/></Shape>
	    <String CONTENT="uue .i. cerf a .xiiii. rains."
                    HPOS="1185"
                    VPOS="1675"
                    WIDTH="983"
                    HEIGHT="156"></String>
          </TextLine>

          
          
          <TextLine ID="eSc_line_507d928f"
                    TAGREFS="LT1087"
                    BASELINE="1202 1871 2168 1888" 
                    HPOS="1185"
                    VPOS="1779"
                    WIDTH="977"
                    HEIGHT="156">
            <Shape><Polygon POINTS="1196 1865 1196 1779 2156 1796 2162 1883 2150 1935 1185 1912"/></Shape>
	    <String CONTENT="Et de celui sestoit il aatiz."
                    HPOS="1185"
                    VPOS="1779"
                    WIDTH="977"
                    HEIGHT="156"></String>
          </TextLine>

          
          
          <TextLine ID="eSc_line_730e5bae"
                    TAGREFS="LT1087"
                    BASELINE="1202 1969 2208 1987" 
                    HPOS="1185"
                    VPOS="1883"
                    WIDTH="1017"
                    HEIGHT="150">
            <Shape><Polygon POINTS="1196 1964 1196 1883 2197 1900 2202 1981 2191 2033 1185 2010"/></Shape>
	    <String CONTENT="que celui chaceroit il ⁊ verro"
                    HPOS="1185"
                    VPOS="1883"
                    WIDTH="1017"
                    HEIGHT="150"></String>
          </TextLine>

          
          
          <TextLine ID="eSc_line_5675dff6"
                    TAGREFS="LT1087"
                    BASELINE="1202 2085 2301 2085" 
                    HPOS="1191"
                    VPOS="1975"
                    WIDTH="1104"
                    HEIGHT="162">
            <Shape><Polygon POINTS="1196 2079 1191 1981 2289 1975 2295 2079 2289 2137 1191 2120"/></Shape>
	    <String CONTENT="it qui aidier ou nuire li vou"
                    HPOS="1191"
                    VPOS="1975"
                    WIDTH="1104"
                    HEIGHT="162"></String>
          </TextLine>

          
          
          <TextLine ID="eSc_line_1bd8b0e8"
                    TAGREFS="LT1087"
                    BASELINE="1202 2177 2191 2195" 
                    HPOS="1185"
                    VPOS="2073"
                    WIDTH="1000"
                    HEIGHT="168">
            <Shape><Polygon POINTS="1196 2172 1196 2073 2185 2096 2185 2189 2173 2241 1185 2224"/></Shape>
	    <String CONTENT="droit. Et qnͣt sera ce dist li"
                    HPOS="1185"
                    VPOS="2073"
                    WIDTH="1000"
                    HEIGHT="168"></String>
          </TextLine>

          
          
          <TextLine ID="eSc_line_6a73c0e4"
                    TAGREFS="LT1087"
                    BASELINE="1202 2276 2191 2299" 
                    HPOS="1185"
                    VPOS="2183"
                    WIDTH="1000"
                    HEIGHT="156">
            <Shape><Polygon POINTS="1196 2270 1196 2183 2185 2206 2185 2293 2173 2339 1185 2322"/></Shape>
	    <String CONTENT="dux. ce sera dist dyalogus"
                    HPOS="1185"
                    VPOS="2183"
                    WIDTH="1000"
                    HEIGHT="156"></String>
          </TextLine>

          
          
          <TextLine ID="eSc_line_19830776"
                    TAGREFS="LT1087"
                    BASELINE="1196 2397 1838 2385" 
                    HPOS="1173"
                    VPOS="2293"
                    WIDTH="659"
                    HEIGHT="144">
            <Shape><Polygon POINTS="1191 2391 1173 2299 1815 2293 1832 2379 1821 2437 1185 2431"/></Shape>
	    <String CONTENT="dui en .x. iours."
                    HPOS="1173"
                    VPOS="2293"
                    WIDTH="659"
                    HEIGHT="144"></String>
          </TextLine>

          
          
          <TextLine ID="eSc_line_31ee2d36"
                    TAGREFS="LT1087"
                    BASELINE="1393 2501 2179 2489" 
                    HPOS="1376"
                    VPOS="2391"
                    WIDTH="797"
                    HEIGHT="168">
            <Shape><Polygon POINTS="1387 2495 1376 2391 2162 2391 2173 2483 2168 2547 1387 2559"/></Shape>
	    <String CONTENT="vant li dus loy. si sest"
                    HPOS="1376"
                    VPOS="2391"
                    WIDTH="797"
                    HEIGHT="168"></String>
          </TextLine>

          
          
          <TextLine ID="eSc_line_c8111070"
                    TAGREFS="LT1087"
                    BASELINE="1414 2567 2163 2577" 
                    HPOS="1399"
                    VPOS="2495"
                    WIDTH="763"
                    HEIGHT="260">
            <Shape><Polygon POINTS="1410 2564 1410 2495 2156 2507 2162 2576 2150 2755 1399 2738"/></Shape>
	    <String CONTENT="trop esioiz. Car dont"
                    HPOS="1399"
                    VPOS="2495"
                    WIDTH="763"
                    HEIGHT="260"></String>
          </TextLine>

          
          
          <TextLine ID="eSc_line_72eee576"
                    TAGREFS="LT1087"
                    BASELINE="1202 2680 2202 2703" 
                    HPOS="1185"
                    VPOS="2605"
                    WIDTH="1012"
                    HEIGHT="156">
            <Shape><Polygon POINTS="1196 2674 1196 2605 2197 2628 2197 2697 2185 2761 1185 2738"/></Shape>
	    <String CONTENT="sot il bien quil auroit eu de"
                    HPOS="1185"
                    VPOS="2605"
                    WIDTH="1012"
                    HEIGHT="156"></String>
          </TextLine>

          
          
          <TextLine ID="eSc_line_87a16f5e"
                    TAGREFS="LT1087"
                    BASELINE="1196 2790 2202 2801" 
                    HPOS="1179"
                    VPOS="2703"
                    WIDTH="1018"
                    HEIGHT="156">
            <Shape><Polygon POINTS="1191 2784 1191 2703 2191 2715 2197 2795 2185 2859 1179 2836"/></Shape>
	    <String CONTENT="clarus ce quil en deuroit auo"
                    HPOS="1179"
                    VPOS="2703"
                    WIDTH="1018"
                    HEIGHT="156"></String>
          </TextLine>

          
          
          <TextLine ID="eSc_line_5c7ddf9a"
                    TAGREFS="LT1087"
                    BASELINE="1185 2899 2202 2911" 
                    HPOS="1167"
                    VPOS="2813"
                    WIDTH="1030"
                    HEIGHT="144">
            <Shape><Polygon POINTS="1179 2894 1179 2813 2197 2824 2197 2905 2185 2957 1167 2946"/></Shape>
	    <String CONTENT="ir. Dont li dist li dus. Amis"
                    HPOS="1167"
                    VPOS="2813"
                    WIDTH="1030"
                    HEIGHT="144"></String>
          </TextLine>

          
          
          <TextLine ID="eSc_line_8a360f7a"
                    TAGREFS="LT1087"
                    BASELINE="1185 2998 2156 3009" 
                    HPOS="1167"
                    VPOS="2905"
                    WIDTH="983"
                    HEIGHT="156">
            <Shape><Polygon POINTS="1179 2992 1179 2905 2145 2917 2150 3003 2139 3061 1167 3044"/></Shape>
	    <String CONTENT="or te sueffre. ⁊ garde seur"
                    HPOS="1167"
                    VPOS="2905"
                    WIDTH="983"
                    HEIGHT="156"></String>
          </TextLine>

          
          
          <TextLine ID="eSc_line_6aa86250"
                    TAGREFS="LT1087"
                    BASELINE="1185 3102 2197 3113" 
                    HPOS="1167"
                    VPOS="3003"
                    WIDTH="1024"
                    HEIGHT="168">
            <Shape><Polygon POINTS="1179 3096 1179 3003 2185 3021 2191 3107 2179 3171 1167 3142"/></Shape>
	    <String CONTENT="ta vie que nulz ne sache ce"
                    HPOS="1167"
                    VPOS="3003"
                    WIDTH="1024"
                    HEIGHT="168"></String>
          </TextLine>

          
          
          <TextLine ID="eSc_line_fe946c49"
                    TAGREFS="LT1087"
                    BASELINE="1179 3206 2173 3223" 
                    HPOS="1162"
                    VPOS="3102"
                    WIDTH="1006"
                    HEIGHT="173">
            <Shape><Polygon POINTS="1173 3200 1173 3102 2168 3130 2168 3217 2156 3275 1162 3246"/></Shape>
	    <String CONTENT="ste chose. deuant que ie ta"
                    HPOS="1162"
                    VPOS="3102"
                    WIDTH="1006"
                    HEIGHT="173"></String>
          </TextLine>

          
          
          <TextLine ID="eSc_line_4c38c91f"
                    TAGREFS="LT1087"
                    BASELINE="1185 3321 2208 3333" 
                    HPOS="1167"
                    VPOS="3229"
                    WIDTH="1035"
                    HEIGHT="144">
            <Shape><Polygon POINTS="1179 3315 1179 3229 2197 3240 2202 3327 2191 3373 1167 3356"/></Shape>
	    <String CONTENT="pelerai. Sire dist il. non fe"
                    HPOS="1167"
                    VPOS="3229"
                    WIDTH="1035"
                    HEIGHT="144"></String>
          </TextLine>

          
          
          <TextLine ID="eSc_line_b7c946c1"
                    TAGREFS="LT1087"
                    BASELINE="1173 3419 2214 3431" 
                    HPOS="1156"
                    VPOS="3333"
                    WIDTH="1052"
                    HEIGHT="144">
            <Shape><Polygon POINTS="1167 3414 1167 3333 2208 3344 2208 3425 2197 3477 1156 3471"/></Shape>
	    <String CONTENT="ra len. Dont demora la chose"
                    HPOS="1156"
                    VPOS="3333"
                    WIDTH="1052"
                    HEIGHT="144"></String>
          </TextLine>

          
          
          <TextLine ID="eSc_line_1eb0ff9c"
                    TAGREFS="LT1087"
                    BASELINE="1185 3535 2220 3535" 
                    HPOS="1173"
                    VPOS="3442"
                    WIDTH="1041"
                    HEIGHT="145">
            <Shape><Polygon POINTS="1179 3529 1179 3442 2214 3442 2214 3529 2208 3587 1173 3581"/></Shape>
	    <String CONTENT="en tele maniere. Li dux qui"
                    HPOS="1173"
                    VPOS="3442"
                    WIDTH="1041"
                    HEIGHT="145"></String>
          </TextLine>

          
          
          <TextLine ID="eSc_line_401e403a"
                    TAGREFS="LT1087"
                    BASELINE="1179 3633 2162 3633" 
                    HPOS="1173"
                    VPOS="3535"
                    WIDTH="983"
                    HEIGHT="156">
            <Shape><Polygon POINTS="1173 3627 1173 3535 2156 3546 2156 3627 2156 3691 1173 3691"/></Shape>
	    <String CONTENT="auoit pris laatine au duc"
                    HPOS="1173"
                    VPOS="3535"
                    WIDTH="983"
                    HEIGHT="156"></String>
          </TextLine>

          
          
          <TextLine ID="eSc_line_a2a178b3"
                    TAGREFS="LT1087"
                    BASELINE="1179 3731 2220 3731" 
                    HPOS="1167"
                    VPOS="3627"
                    WIDTH="1047"
                    HEIGHT="162">
            <Shape><Polygon POINTS="1173 3725 1167 3645 2208 3627 2214 3725 2214 3789 1173 3789"/></Shape>
	    <String CONTENT="de laomedon. ne la mist pas"
                    HPOS="1167"
                    VPOS="3627"
                    WIDTH="1047"
                    HEIGHT="162"></String>
          </TextLine>

          
          
          <TextLine ID="eSc_line_201e3bed"
                    TAGREFS="LT1087"
                    BASELINE="1173 3824 2191 3835" 
                    HPOS="1156"
                    VPOS="3731"
                    WIDTH="1029"
                    HEIGHT="150">
            <Shape><Polygon POINTS="1167 3818 1167 3731 2179 3743 2185 3829 2173 3881 1156 3870"/></Shape>
	    <String CONTENT="en oubli. Ainz sen vint a hel"
                    HPOS="1156"
                    VPOS="3731"
                    WIDTH="1029"
                    HEIGHT="150"></String>
          </TextLine>

          
          
          <TextLine ID="eSc_line_0e15b0f2"
                    TAGREFS="LT1087"
                    BASELINE="1179 3939 2220 3939" 
                    HPOS="1167"
                    VPOS="3847"
                    WIDTH="1047"
                    HEIGHT="150">
            <Shape><Polygon POINTS="1173 3933 1173 3847 2214 3847 2214 3933 2208 3997 1167 3991"/></Shape>
	    <String CONTENT="canus ⁊ aus autres princes"
                    HPOS="1167"
                    VPOS="3847"
                    WIDTH="1047"
                    HEIGHT="150"></String>
          </TextLine>

          
          
          <TextLine ID="eSc_line_c4d9fe63"
                    TAGREFS="LT1087"
                    BASELINE="1179 4032 2173 4043" 
                    HPOS="1162"
                    VPOS="3939"
                    WIDTH="1006"
                    HEIGHT="243">
            <Shape><Polygon POINTS="1173 4026 1173 3939 2168 3951 2168 4037 2156 4182 1162 4176"/></Shape>
	    <String CONTENT="et leur dist. Biaus seigne"
                    HPOS="1162"
                    VPOS="3939"
                    WIDTH="1006"
                    HEIGHT="243"></String>
          </TextLine>

          
          
          <TextLine ID="eSc_line_ed026676"
                    TAGREFS="LT1087"
                    BASELINE="1185 4130 2179 4141" 
                    HPOS="1167"
                    VPOS="4032"
                    WIDTH="1006"
                    HEIGHT="156">
            <Shape><Polygon POINTS="1179 4124 1173 4037 2162 4032 2173 4136 2162 4188 1167 4170"/></Shape>
	    <String CONTENT="urs sauez vous point de la"
                    HPOS="1167"
                    VPOS="4032"
                    WIDTH="1006"
                    HEIGHT="156"></String>
          </TextLine>

          
          
          <TextLine ID="eSc_line_ef84fdc9"
                    TAGREFS="LT1087"
                    BASELINE="1179 4234 2179 4245" 
                    HPOS="1162"
                    VPOS="4136"
                    WIDTH="1011"
                    HEIGHT="150">
            <Shape><Polygon POINTS="1173 4228 1173 4136 2168 4153 2173 4240 2162 4286 1162 4280"/></Shape>
	    <String CONTENT="tahyne qui est entre moi ⁊"
                    HPOS="1162"
                    VPOS="4136"
                    WIDTH="1011"
                    HEIGHT="150"></String>
          </TextLine>

          
          
          <TextLine ID="eSc_line_eaf7697e"
                    TAGREFS="LT1087"
                    BASELINE="1173 4344 2179 4355" 
                    HPOS="1156"
                    VPOS="4245"
                    WIDTH="1017"
                    HEIGHT="156">
            <Shape><Polygon POINTS="1167 4338 1167 4245 2173 4257 2173 4349 2162 4401 1156 4390"/></Shape>
	    <String CONTENT="le duc de laomedon. Cer"
                    HPOS="1156"
                    VPOS="4245"
                    WIDTH="1017"
                    HEIGHT="156"></String>
          </TextLine>

          
          
          <TextLine ID="eSc_line_ed758976"
                    TAGREFS="LT1087"
                    BASELINE="1179 4442 2150 4459" 
                    HPOS="1162"
                    VPOS="4349"
                    WIDTH="983"
                    HEIGHT="156">
            <Shape><Polygon POINTS="1173 4436 1173 4349 2145 4367 2145 4453 2133 4505 1162 4488"/></Shape>
	    <String CONTENT="tes distrent il. nous nen"
                    HPOS="1162"
                    VPOS="4349"
                    WIDTH="983"
                    HEIGHT="156"></String>
          </TextLine>

          
          
          <TextLine ID="eSc_line_919f573c"
                    TAGREFS="LT1087"
                    BASELINE="1179 4552 2202 4552" 
                    HPOS="1167"
                    VPOS="4465"
                    WIDTH="1030"
                    HEIGHT="150">
            <Shape><Polygon POINTS="1173 4546 1173 4465 2197 4465 2197 4546 2191 4615 1167 4598"/></Shape>
	    <String CONTENT="sauons riens. dites nous"
                    HPOS="1167"
                    VPOS="4465"
                    WIDTH="1030"
                    HEIGHT="150"></String>
          </TextLine>

          
          
          <TextLine ID="eSc_line_6e8a48fc"
                    TAGREFS="LT1087"
                    BASELINE="1179 4655 2185 4679" 
                    HPOS="1162"
                    VPOS="4563"
                    WIDTH="1017"
                    HEIGHT="162">
            <Shape><Polygon POINTS="1173 4650 1173 4563 2173 4586 2179 4673 2168 4725 1162 4696"/></Shape>
	    <String CONTENT="quele latayne est. Si ferez"
                    HPOS="1162"
                    VPOS="4563"
                    WIDTH="1017"
                    HEIGHT="162"></String>
          </TextLine>

          
          
          <TextLine ID="eSc_line_36ffdf3a"
                    TAGREFS="LT1087"
                    BASELINE="1179 4759 2220 4777" 
                    HPOS="1162"
                    VPOS="4661"
                    WIDTH="1052"
                    HEIGHT="179">
            <Shape><Polygon POINTS="1173 4754 1173 4661 2208 4690 2214 4771 2202 4840 1162 4806"/></Shape>
	    <String CONTENT="courtoisie. En non dieu dist"
                    HPOS="1162"
                    VPOS="4661"
                    WIDTH="1052"
                    HEIGHT="179"></String>
          </TextLine>

          
          
          <TextLine ID="eSc_line_becff154"
                    TAGREFS="LT1087"
                    BASELINE="1173 4881 2173 4898" 
                    HPOS="1156"
                    VPOS="4783"
                    WIDTH="1012"
                    HEIGHT="167">
            <Shape><Polygon POINTS="1167 4875 1167 4783 2168 4794 2168 4892 2156 4950 1156 4921"/></Shape>
	    <String CONTENT="il volentiers. Dont leur"
                    HPOS="1156"
                    VPOS="4783"
                    WIDTH="1012"
                    HEIGHT="167"></String>
          </TextLine>

          
          
          <TextLine ID="eSc_line_45ca699c"
                    TAGREFS="LT1087"
                    BASELINE="1173 5002 2150 5002" 
                    HPOS="1162"
                    VPOS="4898"
                    WIDTH="983"
                    HEIGHT="162">
            <Shape><Polygon POINTS="1167 4996 1167 4898 2145 4910 2145 4996 2139 5060 1162 5043"/></Shape>
	    <String CONTENT="conta que le quart iour"
                    HPOS="1162"
                    VPOS="4898"
                    WIDTH="983"
                    HEIGHT="162"></String>
          </TextLine>

          
          
          <TextLine ID="eSc_line_c3a8bc2a"
                    TAGREFS="LT1087"
                    BASELINE="1173 5118 2208 5106" 
                    HPOS="1156"
                    VPOS="5002"
                    WIDTH="1046"
                    HEIGHT="162">
            <Shape><Polygon POINTS="1167 5112 1156 5002 2191 5014 2202 5100 2197 5164 1162 5152"/></Shape>
	    <String CONTENT="que le poigneis fu remez de"
                    HPOS="1156"
                    VPOS="5002"
                    WIDTH="1046"
                    HEIGHT="162"></String>
          </TextLine>

          
          
          <TextLine ID="eSc_line_b7086c0a"
                    TAGREFS="LT1087"
                    BASELINE="1167 5227 2197 5227" 
                    HPOS="1162"
                    VPOS="5135"
                    WIDTH="1029"
                    HEIGHT="150">
            <Shape><Polygon POINTS="1162 5222 1162 5135 2191 5135 2191 5222 2191 5279 1162 5285"/></Shape>
	    <String CONTENT="lui ⁊ de sa gent. Que clerus"
                    HPOS="1162"
                    VPOS="5135"
                    WIDTH="1029"
                    HEIGHT="150"></String>
          </TextLine>

          
          
          <TextLine ID="eSc_line_307d57eb"
                    TAGREFS="LT1087"
                    BASELINE="1167 5343 2225 5331" 
                    HPOS="1144"
                    VPOS="5233"
                    WIDTH="1076"
                    HEIGHT="150">
            <Shape><Polygon POINTS="1162 5337 1144 5250 2202 5233 2220 5326 2214 5383 1156 5378"/></Shape>
	    <String CONTENT="⁊ il estoient en tel point chas"
                    HPOS="1144"
                    VPOS="5233"
                    WIDTH="1076"
                    HEIGHT="150"></String>
          </TextLine>

          
          
          <TextLine ID="eSc_line_f27e4def"
                    TAGREFS="LT1087"
                    BASELINE="1173 5447 2156 5435" 
                    HPOS="1156"
                    VPOS="5343"
                    WIDTH="994"
                    HEIGHT="150">
            <Shape><Polygon POINTS="1167 5441 1156 5343 2139 5349 2150 5430 2150 5493 1167 5493"/></Shape>
	    <String CONTENT="cuns quil ne pooient venir"
                    HPOS="1156"
                    VPOS="5343"
                    WIDTH="994"
                    HEIGHT="150"></String>
          </TextLine>

          
          
          <TextLine ID="eSc_line_65b5c77a"
                    TAGREFS="LT1087"
                    BASELINE="1162 5551 2168 5551" 
                    HPOS="1156"
                    VPOS="5447"
                    WIDTH="1006"
                    HEIGHT="150">
            <Shape><Polygon POINTS="1156 5545 1156 5447 2162 5458 2162 5545 2162 5597 1156 5597"/></Shape>
	    <String CONTENT="au chaple des espees ensem"
                    HPOS="1156"
                    VPOS="5447"
                    WIDTH="1006"
                    HEIGHT="150"></String>
          </TextLine>

          
          
          <TextLine ID="eSc_line_db35f9bc"
                    TAGREFS="LT1087"
                    BASELINE="1173 5643 2185 5655" 
                    HPOS="1156"
                    VPOS="5545"
                    WIDTH="1023"
                    HEIGHT="352">
            <Shape><Polygon POINTS="1167 5638 1167 5545 2173 5568 2179 5649 2168 5897 1775 5863 1763 5869 1711 5892 1711 5892 1711 5892 1705 5892 1705 5892 1699 5892 1699 5892 1699 5892 1694 5892 1694 5892 1694 5892 1688 5892 1642 5857 1601 5828 1537 5851 1451 5880 1445 5880 1445 5880 1445 5880 1439 5880 1439 5880 1439 5880 1433 5880 1433 5880 1433 5880 1428 5880 1428 5880 1381 5840 1364 5822 1156 5817"/></Shape>
	    <String CONTENT="ble. Ainz ꝯmenca li vns la"
                    HPOS="1156"
                    VPOS="5545"
                    WIDTH="1023"
                    HEIGHT="352"></String>
          </TextLine>

          
          
          <TextLine ID="eSc_line_50f82371"
                    TAGREFS="LT1087"
                    BASELINE="1162 5759 2179 5770" 
                    HPOS="1144"
                    VPOS="5649"
                    WIDTH="1029"
                    HEIGHT="248">
            <Shape><Polygon POINTS="1156 5753 1156 5649 2168 5678 2173 5765 2162 5897 1775 5863 1740 5869 1601 5892 1601 5892 1595 5892 1595 5892 1595 5892 1589 5892 1445 5845 1393 5822 1144 5817"/></Shape>
	    <String CONTENT="utre a ramporner. ⁊ mape"
                    HPOS="1144"
                    VPOS="5649"
                    WIDTH="1029"
                    HEIGHT="248"></String>
          </TextLine>

          
        </TextBlock>
        
        <TextBlock HPOS="2330"
                   VPOS="1900"
                   WIDTH="407"
                   HEIGHT="323"
                   ID="eSc_textblock_93a7c5f5"
                   TAGREFS="BT3119">
          <Shape><Polygon POINTS="2330 1900 2330 2223 2737 2223 2737 1900"/></Shape>
          
          
          <TextLine ID="eSc_line_3ff52549"
                    TAGREFS="LT1088"
                    BASELINE="2441 2112 2598 2085" 
                    HPOS="2411"
                    VPOS="1964"
                    WIDTH="208"
                    HEIGHT="288">
            <Shape><Polygon POINTS="2439 2108 2411 1975 2572 1964 2596 2079 2619 2241 2463 2252"/></Shape>
	    <String CONTENT="Q"
                    HPOS="2411"
                    VPOS="1964"
                    WIDTH="208"
                    HEIGHT="288"></String>
          </TextLine>

          
        </TextBlock>
        
        <TextBlock HPOS="2341"
                   VPOS="526"
                   WIDTH="1055"
                   HEIGHT="5385"
                   ID="eSc_textblock_226f70d9"
                   TAGREFS="BT3121">
          <Shape><Polygon POINTS="2341 526 2350 5911 3396 5911 3396 526"/></Shape>
          
          
          <TextLine ID="eSc_line_5a210083"
                    TAGREFS="LT1087"
                    BASELINE="2422 670 3393 658" 
                    HPOS="2411"
                    VPOS="571"
                    WIDTH="977"
                    HEIGHT="162">
            <Shape><Polygon POINTS="2416 664 2411 571 3376 577 3388 652 3388 722 2416 733"/></Shape>
	    <String CONTENT="la li dux clerus cheualier"
                    HPOS="2411"
                    VPOS="571"
                    WIDTH="977"
                    HEIGHT="162"></String>
          </TextLine>

          
          
          <TextLine ID="eSc_line_4d639bdd"
                    TAGREFS="LT1087"
                    BASELINE="2416 779 3376 779" 
                    HPOS="2411"
                    VPOS="687"
                    WIDTH="959"
                    HEIGHT="139">
            <Shape><Polygon POINTS="2411 774 2411 687 3370 687 3370 774 3370 820 2411 826"/></Shape>
	    <String CONTENT="recreant et traiteur. Et"
                    HPOS="2411"
                    VPOS="687"
                    WIDTH="959"
                    HEIGHT="139"></String>
          </TextLine>

          
          
          <TextLine ID="eSc_line_580154b3"
                    TAGREFS="LT1087"
                    BASELINE="2422 860 3417 883" 
                    HPOS="2405"
                    VPOS="762"
                    WIDTH="1006"
                    HEIGHT="168">
            <Shape><Polygon POINTS="2416 854 2416 762 3405 791 3411 878 3399 930 2405 906"/></Shape>
	    <String CONTENT="ie li respondi que recreant"
                    HPOS="2405"
                    VPOS="762"
                    WIDTH="1006"
                    HEIGHT="168"></String>
          </TextLine>

          
          
          <TextLine ID="eSc_line_a2d8bb9b"
                    TAGREFS="LT1087"
                    BASELINE="2422 964 3365 982" 
                    HPOS="2405"
                    VPOS="866"
                    WIDTH="954"
                    HEIGHT="156">
            <Shape><Polygon POINTS="2416 958 2416 866 3353 883 3359 976 3347 1022 2405 993"/></Shape>
	    <String CONTENT="et traiteur nauoie ie on"
                    HPOS="2405"
                    VPOS="866"
                    WIDTH="954"
                    HEIGHT="156"></String>
          </TextLine>

          
          
          <TextLine ID="eSc_line_2b6d3630"
                    TAGREFS="LT1087"
                    BASELINE="2422 1068 3376 1080" 
                    HPOS="2411"
                    VPOS="970"
                    WIDTH="959"
                    HEIGHT="144">
            <Shape><Polygon POINTS="2416 1062 2416 970 3370 982 3370 1074 3365 1109 2411 1114"/></Shape>
	    <String CONTENT="ques este. et que ce li fero"
                    HPOS="2411"
                    VPOS="970"
                    WIDTH="959"
                    HEIGHT="144"></String>
          </TextLine>

          
          
          <TextLine ID="eSc_line_461a4b63"
                    TAGREFS="LT1087"
                    BASELINE="2416 1166 3370 1189" 
                    HPOS="2399"
                    VPOS="1068"
                    WIDTH="966"
                    HEIGHT="168">
            <Shape><Polygon POINTS="2411 1161 2411 1068 3359 1074 3365 1184 3353 1236 2399 1213"/></Shape>
	    <String CONTENT="ie ie sauoir se il venoit ẽ"
                    HPOS="2399"
                    VPOS="1068"
                    WIDTH="966"
                    HEIGHT="168"></String>
          </TextLine>

          
          
          <TextLine ID="eSc_line_b30b9ac5"
                    TAGREFS="LT1087"
                    BASELINE="2428 1276 3376 1288" 
                    HPOS="2411"
                    VPOS="1184"
                    WIDTH="959"
                    HEIGHT="150">
            <Shape><Polygon POINTS="2422 1270 2422 1184 3365 1195 3370 1282 3359 1334 2411 1322"/></Shape>
	    <String CONTENT="point ⁊ en lieu ou il neust"
                    HPOS="2411"
                    VPOS="1184"
                    WIDTH="959"
                    HEIGHT="150"></String>
          </TextLine>

          
          
          <TextLine ID="eSc_line_0b9694cf"
                    TAGREFS="LT1087"
                    BASELINE="2422 1374 3365 1392" 
                    HPOS="2405"
                    VPOS="1282"
                    WIDTH="954"
                    HEIGHT="156">
            <Shape><Polygon POINTS="2416 1369 2416 1282 3359 1299 3359 1386 3347 1438 2405 1421"/></Shape>
	    <String CONTENT="que nous .ii. Clerus dist"
                    HPOS="2405"
                    VPOS="1282"
                    WIDTH="954"
                    HEIGHT="156"></String>
          </TextLine>

          
          
          <TextLine ID="eSc_line_fde1f852"
                    TAGREFS="LT1087"
                    BASELINE="2416 1478 3376 1496" 
                    HPOS="2399"
                    VPOS="1380"
                    WIDTH="971"
                    HEIGHT="162">
            <Shape><Polygon POINTS="2411 1473 2411 1380 3370 1397 3370 1490 3359 1542 2399 1525"/></Shape>
	    <String CONTENT="que voirement le me pro"
                    HPOS="2399"
                    VPOS="1380"
                    WIDTH="971"
                    HEIGHT="162"></String>
          </TextLine>

          
          
          <TextLine ID="eSc_line_a2f090bc"
                    TAGREFS="LT1087"
                    BASELINE="2422 1582 3451 1594" 
                    HPOS="2405"
                    VPOS="1478"
                    WIDTH="1040"
                    HEIGHT="162">
            <Shape><Polygon POINTS="2416 1577 2411 1484 3440 1478 3445 1588 3434 1640 2405 1634"/></Shape>
	    <String CONTENT="ueroit il. mes que nulz fors"
                    HPOS="2405"
                    VPOS="1478"
                    WIDTH="1040"
                    HEIGHT="162"></String>
          </TextLine>

          
          
          <TextLine ID="eSc_line_c1a016d7"
                    TAGREFS="LT1087"
                    BASELINE="2428 1692 3440 1704" 
                    HPOS="2411"
                    VPOS="1600"
                    WIDTH="1023"
                    HEIGHT="156">
            <Shape><Polygon POINTS="2422 1686 2422 1600 3428 1605 3434 1698 3422 1756 2411 1738"/></Shape>
	    <String CONTENT="que nous .ii. ne sen meslast"
                    HPOS="2411"
                    VPOS="1600"
                    WIDTH="1023"
                    HEIGHT="156"></String>
          </TextLine>

          
          
          <TextLine ID="eSc_line_dabdfd45"
                    TAGREFS="LT1087"
                    BASELINE="2422 1796 3370 1808" 
                    HPOS="2405"
                    VPOS="1698"
                    WIDTH="960"
                    HEIGHT="156">
            <Shape><Polygon POINTS="2416 1790 2416 1698 3365 1715 3365 1802 3353 1854 2405 1831"/></Shape>
	    <String CONTENT="Dont preismes .i. iour ⁊"
                    HPOS="2405"
                    VPOS="1698"
                    WIDTH="960"
                    HEIGHT="156"></String>
          </TextLine>

          
          
          <TextLine ID="eSc_line_8ca88dad"
                    TAGREFS="LT1087"
                    BASELINE="2405 1912 3365 1900" 
                    HPOS="2387"
                    VPOS="1796"
                    WIDTH="972"
                    HEIGHT="185">
            <Shape><Polygon POINTS="2399 1906 2387 1796 3347 1813 3359 1894 3347 1964 2549 1946 2405 1981"/></Shape>
	    <String CONTENT="la fiasmes li vns a lautre."
                    HPOS="2387"
                    VPOS="1796"
                    WIDTH="972"
                    HEIGHT="185"></String>
          </TextLine>

          
          
          <TextLine ID="eSc_line_5ab3a666"
                    TAGREFS="LT1087"
                    BASELINE="2613 1998 3376 2016" 
                    HPOS="2596"
                    VPOS="1900"
                    WIDTH="774"
                    HEIGHT="150">
            <Shape><Polygon POINTS="2607 1992 2607 1900 3370 1923 3370 2010 3359 2050 2596 2021"/></Shape>
	    <String CONTENT="vant li baron ont ce"
                    HPOS="2596"
                    VPOS="1900"
                    WIDTH="774"
                    HEIGHT="150"></String>
          </TextLine>

          
          
          <TextLine ID="eSc_line_721a6180"
                    TAGREFS="LT1087"
                    BASELINE="2601 2108 3376 2108" 
                    HPOS="2590"
                    VPOS="1998"
                    WIDTH="780"
                    HEIGHT="266">
            <Shape><Polygon POINTS="2596 2102 2596 1998 3370 2016 3370 2102 3365 2264 2590 2258"/></Shape>
	    <String CONTENT="ste chose seue. mlt&#39; sẽ"
                    HPOS="2590"
                    VPOS="1998"
                    WIDTH="780"
                    HEIGHT="266"></String>
          </TextLine>

          
          
          <TextLine ID="eSc_line_51bdb7d5"
                    TAGREFS="LT1087"
                    BASELINE="2411 2200 3382 2218" 
                    HPOS="2393"
                    VPOS="2073"
                    WIDTH="983"
                    HEIGHT="191">
            <Shape><Polygon POINTS="2405 2195 2405 2073 3058 2125 3370 2091 3376 2212 3365 2264 2393 2235"/></Shape>
	    <String CONTENT="sont esmerueillie. ⁊ demã"
                    HPOS="2393"
                    VPOS="2073"
                    WIDTH="983"
                    HEIGHT="191"></String>
          </TextLine>

          
          
          <TextLine ID="eSc_line_0b9bd966"
                    TAGREFS="LT1087"
                    BASELINE="2411 2310 3405 2322" 
                    HPOS="2393"
                    VPOS="2200"
                    WIDTH="1006"
                    HEIGHT="168">
            <Shape><Polygon POINTS="2405 2304 2405 2200 3393 2229 3399 2316 3388 2368 2393 2339"/></Shape>
	    <String CONTENT="derent a karus le iour que"
                    HPOS="2393"
                    VPOS="2200"
                    WIDTH="1006"
                    HEIGHT="168"></String>
          </TextLine>

          
          
          <TextLine ID="eSc_line_cc94c494"
                    TAGREFS="LT1087"
                    BASELINE="2405 2408 3359 2426" 
                    HPOS="2393"
                    VPOS="2310"
                    WIDTH="960"
                    HEIGHT="145">
            <Shape><Polygon POINTS="2399 2403 2399 2310 3353 2327 3353 2420 3347 2455 2393 2455"/></Shape>
	    <String CONTENT="il deuoient aler ensemb"
                    HPOS="2393"
                    VPOS="2310"
                    WIDTH="960"
                    HEIGHT="145"></String>
          </TextLine>

          
          
          <TextLine ID="eSc_line_0eba38bf"
                    TAGREFS="LT1087"
                    BASELINE="2405 2501 3353 2524" 
                    HPOS="2387"
                    VPOS="2408"
                    WIDTH="960"
                    HEIGHT="151">
            <Shape><Polygon POINTS="2399 2495 2399 2408 3341 2414 3347 2518 3336 2559 2387 2535"/></Shape>
	    <String CONTENT="ble. Il dist au .vii. iour."
                    HPOS="2387"
                    VPOS="2408"
                    WIDTH="960"
                    HEIGHT="151"></String>
          </TextLine>

          
          
          <TextLine ID="eSc_line_a4b049ba"
                    TAGREFS="LT1087"
                    BASELINE="2405 2611 3376 2628" 
                    HPOS="2387"
                    VPOS="2495"
                    WIDTH="983"
                    HEIGHT="162">
            <Shape><Polygon POINTS="2399 2605 2399 2495 3365 2512 3370 2622 3359 2657 2387 2639"/></Shape>
	    <String CONTENT="Dont dist Helcanus. dõt"
                    HPOS="2387"
                    VPOS="2495"
                    WIDTH="983"
                    HEIGHT="162"></String>
          </TextLine>

          
          
          <TextLine ID="eSc_line_251134cf"
                    TAGREFS="LT1087"
                    BASELINE="2405 2726 3399 2726" 
                    HPOS="2393"
                    VPOS="2634"
                    WIDTH="1000"
                    HEIGHT="150">
            <Shape><Polygon POINTS="2399 2720 2399 2634 3393 2634 3393 2720 3388 2784 2393 2772"/></Shape>
	    <String CONTENT="doit ce estre entre ci ⁊ .iii."
                    HPOS="2393"
                    VPOS="2634"
                    WIDTH="1000"
                    HEIGHT="150"></String>
          </TextLine>

          
          
          <TextLine ID="eSc_line_d59dfd16"
                    TAGREFS="LT1087"
                    BASELINE="2405 2824 3353 2836" 
                    HPOS="2387"
                    VPOS="2726"
                    WIDTH="960"
                    HEIGHT="145">
            <Shape><Polygon POINTS="2399 2819 2399 2726 3347 2738 3347 2830 3336 2871 2387 2859"/></Shape>
	    <String CONTENT="iours. Sire dist il. vous"
                    HPOS="2387"
                    VPOS="2726"
                    WIDTH="960"
                    HEIGHT="145"></String>
          </TextLine>

          
          
          <TextLine ID="eSc_line_f00ca003"
                    TAGREFS="LT1087"
                    BASELINE="2405 2928 3341 2928" 
                    HPOS="2393"
                    VPOS="2842"
                    WIDTH="943"
                    HEIGHT="138">
            <Shape><Polygon POINTS="2399 2922 2399 2842 3336 2842 3336 2922 3330 2980 2393 2957"/></Shape>
	    <String CONTENT="dites verite. Et ꝯment"
                    HPOS="2393"
                    VPOS="2842"
                    WIDTH="943"
                    HEIGHT="138"></String>
          </TextLine>

          
          
          <TextLine ID="eSc_line_c0a34d79"
                    TAGREFS="LT1087"
                    BASELINE="2411 3015 3399 3032" 
                    HPOS="2393"
                    VPOS="2928"
                    WIDTH="1000"
                    HEIGHT="156">
            <Shape><Polygon POINTS="2405 3009 2399 2934 3382 2928 3393 3026 3382 3084 2393 3061"/></Shape>
	    <String CONTENT="dist il vous en siet li cuers"
                    HPOS="2393"
                    VPOS="2928"
                    WIDTH="1000"
                    HEIGHT="156"></String>
          </TextLine>

          
          
          <TextLine ID="eSc_line_72028c13"
                    TAGREFS="LT1087"
                    BASELINE="2405 3119 3365 3142" 
                    HPOS="2387"
                    VPOS="3021"
                    WIDTH="972"
                    HEIGHT="161">
            <Shape><Polygon POINTS="2399 3113 2399 3021 3359 3044 3359 3136 3347 3182 2387 3171"/></Shape>
	    <String CONTENT="ꝯment dist li dus. Ie ne le"
                    HPOS="2387"
                    VPOS="3021"
                    WIDTH="972"
                    HEIGHT="161"></String>
          </TextLine>

          
          
          <TextLine ID="eSc_line_9c1e6a87"
                    TAGREFS="LT1087"
                    BASELINE="2411 3240 3382 3240" 
                    HPOS="2399"
                    VPOS="3148"
                    WIDTH="977"
                    HEIGHT="150">
            <Shape><Polygon POINTS="2405 3234 2405 3148 3376 3148 3376 3234 3370 3298 2399 3286"/></Shape>
	    <String CONTENT="roie pour lempire de rõme"
                    HPOS="2399"
                    VPOS="3148"
                    WIDTH="977"
                    HEIGHT="150"></String>
          </TextLine>

          
          
          <TextLine ID="eSc_line_12c22b45"
                    TAGREFS="LT1087"
                    BASELINE="2416 3350 3359 3350" 
                    HPOS="2405"
                    VPOS="3240"
                    WIDTH="948"
                    HEIGHT="156">
            <Shape><Polygon POINTS="2411 3344 2411 3240 3353 3258 3353 3344 3347 3396 2405 3385"/></Shape>
	    <String CONTENT="que ie ni fusse en quel lieu"
                    HPOS="2405"
                    VPOS="3240"
                    WIDTH="948"
                    HEIGHT="156"></String>
          </TextLine>

          
          
          <TextLine ID="eSc_line_030adbfb"
                    TAGREFS="LT1087"
                    BASELINE="2411 3454 3388 3442" 
                    HPOS="2393"
                    VPOS="3344"
                    WIDTH="989"
                    HEIGHT="168">
            <Shape><Polygon POINTS="2405 3448 2393 3344 3370 3350 3382 3437 3376 3477 2405 3512"/></Shape>
	    <String CONTENT="que ie soie. ne en quel que"
                    HPOS="2393"
                    VPOS="3344"
                    WIDTH="989"
                    HEIGHT="168"></String>
          </TextLine>

          
          
          <TextLine ID="eSc_line_e5e47848"
                    TAGREFS="LT1087"
                    BASELINE="2405 3541 3422 3558" 
                    HPOS="2387"
                    VPOS="3448"
                    WIDTH="1030"
                    HEIGHT="162">
            <Shape><Polygon POINTS="2399 3535 2393 3454 3405 3448 3417 3552 3405 3610 2387 3587"/></Shape>
	    <String CONTENT="point. Qnͣt il lentendirẽt"
                    HPOS="2387"
                    VPOS="3448"
                    WIDTH="1030"
                    HEIGHT="162"></String>
          </TextLine>

          
          
          <TextLine ID="eSc_line_ec77f5fd"
                    TAGREFS="LT1087"
                    BASELINE="2405 3650 3376 3650" 
                    HPOS="2399"
                    VPOS="3552"
                    WIDTH="971"
                    HEIGHT="156">
            <Shape><Polygon POINTS="2399 3645 2399 3552 3370 3558 3370 3645 3370 3708 2399 3708"/></Shape>
	    <String CONTENT="si lont mlt&#39; prisie. Dont li"
                    HPOS="2399"
                    VPOS="3552"
                    WIDTH="971"
                    HEIGHT="156"></String>
          </TextLine>

          
          
          <TextLine ID="eSc_line_9545dfd9"
                    TAGREFS="LT1087"
                    BASELINE="2399 3743 3393 3754" 
                    HPOS="2382"
                    VPOS="3656"
                    WIDTH="1006"
                    HEIGHT="145">
            <Shape><Polygon POINTS="2393 3737 2393 3656 3382 3668 3388 3749 3376 3801 2382 3789"/></Shape>
	    <String CONTENT="dist Helcauus. Sire sachiez"
                    HPOS="2382"
                    VPOS="3656"
                    WIDTH="1006"
                    HEIGHT="145"></String>
          </TextLine>

          
          
          <TextLine ID="eSc_line_b5f11b8f"
                    TAGREFS="LT1087"
                    BASELINE="2393 3841 3336 3864" 
                    HPOS="2376"
                    VPOS="3743"
                    WIDTH="954"
                    HEIGHT="156">
            <Shape><Polygon POINTS="2387 3835 2387 3743 3330 3760 3330 3858 3318 3899 2376 3881"/></Shape>
	    <String CONTENT="que mlt&#39; ai oy clerus pri"
                    HPOS="2376"
                    VPOS="3743"
                    WIDTH="954"
                    HEIGHT="156"></String>
          </TextLine>

          
          
          <TextLine ID="eSc_line_f3509dfa"
                    TAGREFS="LT1087"
                    BASELINE="2393 3957 3382 3957" 
                    HPOS="2382"
                    VPOS="3847"
                    WIDTH="994"
                    HEIGHT="167">
            <Shape><Polygon POINTS="2387 3951 2387 3847 3376 3864 3376 3951 3370 4014 2382 3997"/></Shape>
	    <String CONTENT="sier. Et dit chascuns quil"
                    HPOS="2382"
                    VPOS="3847"
                    WIDTH="994"
                    HEIGHT="167"></String>
          </TextLine>

          
          
          <TextLine ID="eSc_line_43bce4b0"
                    TAGREFS="LT1087"
                    BASELINE="2399 4049 3370 4066" 
                    HPOS="2382"
                    VPOS="3962"
                    WIDTH="983"
                    HEIGHT="145">
            <Shape><Polygon POINTS="2393 4043 2393 3962 3365 3974 3365 4060 3353 4107 2382 4095"/></Shape>
	    <String CONTENT="est cheualier trop puissãz"
                    HPOS="2382"
                    VPOS="3962"
                    WIDTH="983"
                    HEIGHT="145"></String>
          </TextLine>

          
          
          <TextLine ID="eSc_line_f963c0fe"
                    TAGREFS="LT1087"
                    BASELINE="2393 4147 3370 4170" 
                    HPOS="2376"
                    VPOS="4060"
                    WIDTH="989"
                    HEIGHT="162">
            <Shape><Polygon POINTS="2387 4141 2387 4060 3365 4072 3365 4164 3353 4222 2376 4199"/></Shape>
	    <String CONTENT="Sire ce dist karus. Ie croi"
                    HPOS="2376"
                    VPOS="4060"
                    WIDTH="989"
                    HEIGHT="162"></String>
          </TextLine>

          
          
          <TextLine ID="eSc_line_18beb536"
                    TAGREFS="LT1087"
                    BASELINE="2393 4263 3318 4263" 
                    HPOS="2382"
                    VPOS="4164"
                    WIDTH="930"
                    HEIGHT="151">
            <Shape><Polygon POINTS="2387 4257 2387 4164 3312 4170 3312 4257 3307 4315 2382 4303"/></Shape>
	    <String CONTENT="quen toute Grece si gnͣt"
                    HPOS="2382"
                    VPOS="4164"
                    WIDTH="930"
                    HEIGHT="151"></String>
          </TextLine>

          
          
          <TextLine ID="eSc_line_8640ab21"
                    TAGREFS="LT1087"
                    BASELINE="2399 4361 3393 4372" 
                    HPOS="2382"
                    VPOS="4263"
                    WIDTH="1006"
                    HEIGHT="161">
            <Shape><Polygon POINTS="2393 4355 2393 4263 3388 4286 3388 4367 3376 4424 2382 4413"/></Shape>
	    <String CONTENT="ꝯme ele est. na cheualier"
                    HPOS="2382"
                    VPOS="4263"
                    WIDTH="1006"
                    HEIGHT="161"></String>
          </TextLine>

          
          
          <TextLine ID="eSc_line_911da332"
                    TAGREFS="LT1087"
                    BASELINE="2399 4471 3353 4482" 
                    HPOS="2382"
                    VPOS="4378"
                    WIDTH="965"
                    HEIGHT="150">
            <Shape><Polygon POINTS="2393 4465 2393 4378 3341 4384 3347 4476 3336 4528 2382 4505"/></Shape>
	    <String CONTENT="de sa force ne de son harde"
                    HPOS="2382"
                    VPOS="4378"
                    WIDTH="965"
                    HEIGHT="150"></String>
          </TextLine>

          
          
          <TextLine ID="eSc_line_c295656a"
                    TAGREFS="LT1087"
                    BASELINE="2399 4580 3347 4580" 
                    HPOS="2393"
                    VPOS="4488"
                    WIDTH="948"
                    HEIGHT="156">
            <Shape><Polygon POINTS="2393 4575 2393 4488 3341 4488 3341 4575 3341 4644 2393 4644"/></Shape>
	    <String CONTENT="ment. Mais en vne chose"
                    HPOS="2393"
                    VPOS="4488"
                    WIDTH="948"
                    HEIGHT="156"></String>
          </TextLine>

          
          
          <TextLine ID="eSc_line_e0725845"
                    TAGREFS="LT1087"
                    BASELINE="2393 4679 3336 4690" 
                    HPOS="2376"
                    VPOS="4586"
                    WIDTH="954"
                    HEIGHT="150">
            <Shape><Polygon POINTS="2387 4673 2387 4586 3330 4592 3330 4684 3318 4736 2376 4725"/></Shape>
	    <String CONTENT="me fie ie. que ie onques"
                    HPOS="2376"
                    VPOS="4586"
                    WIDTH="954"
                    HEIGHT="150"></String>
          </TextLine>

          
          
          <TextLine ID="eSc_line_60e6d6a7"
                    TAGREFS="LT1087"
                    BASELINE="2393 4788 3382 4800" 
                    HPOS="2376"
                    VPOS="4696"
                    WIDTH="1000"
                    HEIGHT="162">
            <Shape><Polygon POINTS="2387 4783 2387 4696 3376 4707 3376 4794 3365 4858 2376 4829"/></Shape>
	    <String CONTENT="traitres ne fui. ne traison"
                    HPOS="2376"
                    VPOS="4696"
                    WIDTH="1000"
                    HEIGHT="162"></String>
          </TextLine>

          
          
          <TextLine ID="eSc_line_68c7143c"
                    TAGREFS="LT1087"
                    BASELINE="2387 4904 3341 4915" 
                    HPOS="2370"
                    VPOS="4794"
                    WIDTH="966"
                    HEIGHT="173">
            <Shape><Polygon POINTS="2382 4898 2382 4794 3330 4817 3336 4910 3324 4967 2370 4956"/></Shape>
	    <String CONTENT="ne pourchacai ne ne fis."
                    HPOS="2370"
                    VPOS="4794"
                    WIDTH="966"
                    HEIGHT="173"></String>
          </TextLine>

          
          
          <TextLine ID="eSc_line_b79a544f"
                    TAGREFS="LT1087"
                    BASELINE="2387 5025 3341 5025" 
                    HPOS="2382"
                    VPOS="4933"
                    WIDTH="954"
                    HEIGHT="138">
            <Shape><Polygon POINTS="2382 5019 2382 4933 3336 4933 3336 5019 3336 5060 2382 5071"/></Shape>
	    <String CONTENT="Et encore plus. mespee"
                    HPOS="2382"
                    VPOS="4933"
                    WIDTH="954"
                    HEIGHT="138"></String>
          </TextLine>

          
          
          <TextLine ID="eSc_line_4ebc1c5f"
                    TAGREFS="LT1087"
                    BASELINE="2382 5135 3353 5135" 
                    HPOS="2370"
                    VPOS="5019"
                    WIDTH="977"
                    HEIGHT="168">
            <Shape><Polygon POINTS="2376 5129 2370 5031 3341 5019 3347 5129 3341 5187 2370 5181"/></Shape>
	    <String CONTENT="ne fu onques rendue a hõ"
                    HPOS="2370"
                    VPOS="5019"
                    WIDTH="977"
                    HEIGHT="168"></String>
          </TextLine>

          
          
          <TextLine ID="eSc_line_7a9da9f2"
                    TAGREFS="LT1087"
                    BASELINE="2393 5245 3324 5233" 
                    HPOS="2370"
                    VPOS="5147"
                    WIDTH="948"
                    HEIGHT="144">
            <Shape><Polygon POINTS="2387 5239 2370 5158 3301 5147 3318 5227 3318 5285 2387 5291"/></Shape>
	    <String CONTENT="me. par recreandise qui"
                    HPOS="2370"
                    VPOS="5147"
                    WIDTH="948"
                    HEIGHT="144"></String>
          </TextLine>

          
          
          <TextLine ID="eSc_line_7197fd5a"
                    TAGREFS="LT1087"
                    BASELINE="2376 5343 3370 5360" 
                    HPOS="2358"
                    VPOS="5256"
                    WIDTH="1007"
                    HEIGHT="150">
            <Shape><Polygon POINTS="2370 5337 2370 5256 3359 5274 3365 5354 3353 5406 2358 5401"/></Shape>
	    <String CONTENT="en moi fust. Et de ces .ii."
                    HPOS="2358"
                    VPOS="5256"
                    WIDTH="1007"
                    HEIGHT="150"></String>
          </TextLine>

          
          
          <TextLine ID="eSc_line_5814dbf1"
                    TAGREFS="LT1087"
                    BASELINE="2382 5458 3359 5470" 
                    HPOS="2364"
                    VPOS="5360"
                    WIDTH="989"
                    HEIGHT="156">
            <Shape><Polygon POINTS="2376 5453 2376 5360 3353 5372 3353 5464 3341 5516 2364 5505"/></Shape>
	    <String CONTENT="choses me cuit ie bien des"
                    HPOS="2364"
                    VPOS="5360"
                    WIDTH="989"
                    HEIGHT="156"></String>
          </TextLine>

          
          
          <TextLine ID="eSc_line_5fe75842"
                    TAGREFS="LT1087"
                    BASELINE="2382 5568 3330 5580" 
                    HPOS="2370"
                    VPOS="5470"
                    WIDTH="954"
                    HEIGHT="150">
            <Shape><Polygon POINTS="2376 5562 2376 5470 3324 5482 3324 5574 3318 5620 2370 5620"/></Shape>
	    <String CONTENT="fendre en v&#39;s lui. et fust"
                    HPOS="2370"
                    VPOS="5470"
                    WIDTH="954"
                    HEIGHT="150"></String>
          </TextLine>

          
          
          <TextLine ID="eSc_line_d9bf4fe2"
                    TAGREFS="LT1087"
                    BASELINE="2382 5672 3347 5684" 
                    HPOS="2370"
                    VPOS="5568"
                    WIDTH="971"
                    HEIGHT="312">
            <Shape><Polygon POINTS="2376 5666 2370 5580 3336 5568 3341 5678 3330 5880 2815 5851 2370 5874"/></Shape>
	    <String CONTENT="encore plus souffisanz q̃"
                    HPOS="2370"
                    VPOS="5568"
                    WIDTH="971"
                    HEIGHT="312"></String>
          </TextLine>

          
          
          <TextLine ID="eSc_line_66b5ddc5"
                    TAGREFS="LT1087"
                    BASELINE="2387 5793 3307 5776" 
                    HPOS="2370"
                    VPOS="5690"
                    WIDTH="931"
                    HEIGHT="173">
            <Shape><Polygon POINTS="2382 5788 2370 5690 3289 5690 3301 5770 3301 5851 2382 5863"/></Shape>
	    <String CONTENT="il ne soit. Adont ni ot"
                    HPOS="2370"
                    VPOS="5690"
                    WIDTH="931"
                    HEIGHT="173"></String>
          </TextLine>

          
        </TextBlock>
        
        <TextBlock HPOS="3514"
                   VPOS="565"
                   WIDTH="1125"
                   HEIGHT="5375"
                   ID="eSc_textblock_083f66cb"
                   TAGREFS="BT3132">
          <Shape><Polygon POINTS="3514 565 3514 5940 4639 5940 4639 565"/></Shape>
          
          
          <TextLine ID="eSc_line_71426803"
                    TAGREFS="LT1087"
                    BASELINE="3590 693 4573 710" 
                    HPOS="3573"
                    VPOS="583"
                    WIDTH="994"
                    HEIGHT="179">
            <Shape><Polygon POINTS="3584 687 3584 583 4561 618 4567 704 4556 762 3573 733"/></Shape>
	    <String CONTENT="nul qui lentendist a qui les"
                    HPOS="3573"
                    VPOS="583"
                    WIDTH="994"
                    HEIGHT="179"></String>
          </TextLine>

          
          
          <TextLine ID="eSc_line_a3f8b8e7"
                    TAGREFS="LT1087"
                    BASELINE="3590 797 4544 814" 
                    HPOS="3573"
                    VPOS="704"
                    WIDTH="965"
                    HEIGHT="150">
            <Shape><Polygon POINTS="3584 791 3584 704 4538 722 4538 808 4527 854 3573 837"/></Shape>
	    <String CONTENT="lermes ne soient venues ị"
                    HPOS="3573"
                    VPOS="704"
                    WIDTH="965"
                    HEIGHT="150"></String>
          </TextLine>

          
          
          <TextLine ID="eSc_line_b764495f"
                    TAGREFS="LT1087"
                    BASELINE="3590 895 4544 906" 
                    HPOS="3573"
                    VPOS="802"
                    WIDTH="965"
                    HEIGHT="151">
            <Shape><Polygon POINTS="3584 889 3584 802 4538 814 4538 901 4527 953 3573 941"/></Shape>
	    <String CONTENT="as iex. Car il sauoient bi"
                    HPOS="3573"
                    VPOS="802"
                    WIDTH="965"
                    HEIGHT="151"></String>
          </TextLine>

          
          
          <TextLine ID="eSc_line_8c1cb16b"
                    TAGREFS="LT1087"
                    BASELINE="3584 993 4550 1005" 
                    HPOS="3567"
                    VPOS="895"
                    WIDTH="977"
                    HEIGHT="150">
            <Shape><Polygon POINTS="3578 987 3578 895 4544 912 4544 999 4532 1045 3567 1034"/></Shape>
	    <String CONTENT="en que il estoit souffisanz"
                    HPOS="3567"
                    VPOS="895"
                    WIDTH="977"
                    HEIGHT="150"></String>
          </TextLine>

          
          
          <TextLine ID="eSc_line_9c64a2ed"
                    TAGREFS="LT1087"
                    BASELINE="3590 1086 4556 1109" 
                    HPOS="3573"
                    VPOS="993"
                    WIDTH="977"
                    HEIGHT="156">
            <Shape><Polygon POINTS="3584 1080 3584 993 4550 1005 4550 1103 4538 1149 3573 1132"/></Shape>
	    <String CONTENT="cheualiers. Si orent dou"
                    HPOS="3573"
                    VPOS="993"
                    WIDTH="977"
                    HEIGHT="156"></String>
          </TextLine>

          
          
          <TextLine ID="eSc_line_6b9820ca"
                    TAGREFS="LT1087"
                    BASELINE="3590 1207 4521 1207" 
                    HPOS="3584"
                    VPOS="1109"
                    WIDTH="931"
                    HEIGHT="144">
            <Shape><Polygon POINTS="3584 1201 3584 1109 4515 1109 4515 1201 4515 1241 3584 1253"/></Shape>
	    <String CONTENT="te de lui. ⁊ parlerent de"
                    HPOS="3584"
                    VPOS="1109"
                    WIDTH="931"
                    HEIGHT="144"></String>
          </TextLine>

          
          
          <TextLine ID="eSc_line_26192b67"
                    TAGREFS="LT1087"
                    BASELINE="3590 1305 4532 1293" 
                    HPOS="3567"
                    VPOS="1189"
                    WIDTH="960"
                    HEIGHT="162">
            <Shape><Polygon POINTS="3584 1299 3567 1213 4509 1189 4527 1288 4527 1345 3584 1351"/></Shape>
	    <String CONTENT="moult de choses. ⁊ tant q̃"
                    HPOS="3567"
                    VPOS="1189"
                    WIDTH="960"
                    HEIGHT="162"></String>
          </TextLine>

          
          
          <TextLine ID="eSc_line_c5e6d933"
                    TAGREFS="LT1087"
                    BASELINE="3584 1392 4532 1409" 
                    HPOS="3567"
                    VPOS="1299"
                    WIDTH="960"
                    HEIGHT="156">
            <Shape><Polygon POINTS="3578 1386 3578 1299 4521 1317 4527 1403 4515 1455 3567 1438"/></Shape>
	    <String CONTENT="li iours fu venus de la ta"
                    HPOS="3567"
                    VPOS="1299"
                    WIDTH="960"
                    HEIGHT="156"></String>
          </TextLine>

          
          
          <TextLine ID="eSc_line_6e174036"
                    TAGREFS="LT1087"
                    BASELINE="3578 1507 4521 1507" 
                    HPOS="3567"
                    VPOS="1415"
                    WIDTH="948"
                    HEIGHT="144">
            <Shape><Polygon POINTS="3573 1501 3573 1415 4515 1415 4515 1501 4509 1559 3567 1548"/></Shape>
	    <String CONTENT="hyne. karus se fist mlt&#39;"
                    HPOS="3567"
                    VPOS="1415"
                    WIDTH="948"
                    HEIGHT="144"></String>
          </TextLine>

          
          
          <TextLine ID="eSc_line_50fb2450"
                    TAGREFS="LT1087"
                    BASELINE="3596 1605 4550 1623" 
                    HPOS="3578"
                    VPOS="1501"
                    WIDTH="966"
                    HEIGHT="168">
            <Shape><Polygon POINTS="3590 1600 3590 1501 4538 1513 4544 1617 4532 1669 3578 1652"/></Shape>
	    <String CONTENT="diligaument appareilli"
                    HPOS="3578"
                    VPOS="1501"
                    WIDTH="966"
                    HEIGHT="168"></String>
          </TextLine>

          
          
          <TextLine ID="eSc_line_b75ffdef"
                    TAGREFS="LT1087"
                    BASELINE="3578 1709 4532 1733" 
                    HPOS="3561"
                    VPOS="1611"
                    WIDTH="966"
                    HEIGHT="156">
            <Shape><Polygon POINTS="3573 1704 3573 1611 4527 1629 4527 1733 4515 1767 3561 1761"/></Shape>
	    <String CONTENT="er. et li fu amenez .i. che"
                    HPOS="3561"
                    VPOS="1611"
                    WIDTH="966"
                    HEIGHT="156"></String>
          </TextLine>

          
          
          <TextLine ID="eSc_line_3011f120"
                    TAGREFS="LT1087"
                    BASELINE="3584 1825 4527 1842" 
                    HPOS="3567"
                    VPOS="1727"
                    WIDTH="954"
                    HEIGHT="156">
            <Shape><Polygon POINTS="3578 1819 3578 1727 4521 1727 4521 1836 4509 1883 3567 1854"/></Shape>
	    <String CONTENT="ual. qui fu a helcanus. q̃"
                    HPOS="3567"
                    VPOS="1727"
                    WIDTH="954"
                    HEIGHT="156"></String>
          </TextLine>

          
          
          <TextLine ID="eSc_line_0ff89d06"
                    TAGREFS="LT1087"
                    BASELINE="3578 1917 4521 1946" 
                    HPOS="3561"
                    VPOS="1819"
                    WIDTH="954"
                    HEIGHT="162">
            <Shape><Polygon POINTS="3573 1912 3573 1819 4515 1842 4515 1940 4504 1981 3561 1958"/></Shape>
	    <String CONTENT="li rois de frise li ot donne"
                    HPOS="3561"
                    VPOS="1819"
                    WIDTH="954"
                    HEIGHT="162"></String>
          </TextLine>

          
          
          <TextLine ID="eSc_line_9a3d8e6a"
                    TAGREFS="LT1087"
                    BASELINE="3578 2021 4521 2033" 
                    HPOS="3561"
                    VPOS="1929"
                    WIDTH="954"
                    HEIGHT="144">
            <Shape><Polygon POINTS="3573 2016 3573 1929 4515 1940 4515 2027 4504 2073 3561 2062"/></Shape>
	    <String CONTENT="et ne sot on meilleur en"
                    HPOS="3561"
                    VPOS="1929"
                    WIDTH="954"
                    HEIGHT="144"></String>
          </TextLine>

          
          
          <TextLine ID="eSc_line_9c5563eb"
                    TAGREFS="LT1087"
                    BASELINE="3578 2125 4515 2137" 
                    HPOS="3561"
                    VPOS="2021"
                    WIDTH="948"
                    HEIGHT="156">
            <Shape><Polygon POINTS="3573 2120 3573 2021 4504 2033 4509 2131 4498 2177 3561 2166"/></Shape>
	    <String CONTENT="cel pays. karus vint a"
                    HPOS="3561"
                    VPOS="2021"
                    WIDTH="948"
                    HEIGHT="156"></String>
          </TextLine>

          
          
          <TextLine ID="eSc_line_8e90a48f"
                    TAGREFS="LT1087"
                    BASELINE="3573 2224 4550 2235" 
                    HPOS="3555"
                    VPOS="2131"
                    WIDTH="989"
                    HEIGHT="156">
            <Shape><Polygon POINTS="3567 2218 3567 2131 4538 2143 4544 2229 4532 2287 3555 2258"/></Shape>
	    <String CONTENT="lui. et volt sa force espro"
                    HPOS="3555"
                    VPOS="2131"
                    WIDTH="989"
                    HEIGHT="156"></String>
          </TextLine>

          
          
          <TextLine ID="eSc_line_debab115"
                    TAGREFS="LT1087"
                    BASELINE="3578 2327 4532 2345" 
                    HPOS="3561"
                    VPOS="2218"
                    WIDTH="966"
                    HEIGHT="156">
            <Shape><Polygon POINTS="3573 2322 3573 2218 4521 2241 4527 2339 4515 2374 3561 2356"/></Shape>
	    <String CONTENT="uuer tout en tele manie"
                    HPOS="3561"
                    VPOS="2218"
                    WIDTH="966"
                    HEIGHT="156"></String>
          </TextLine>

          
          
          <TextLine ID="eSc_line_d3e6419e"
                    TAGREFS="LT1087"
                    BASELINE="3578 2426 4515 2449" 
                    HPOS="3561"
                    VPOS="2316"
                    WIDTH="948"
                    HEIGHT="173">
            <Shape><Polygon POINTS="3573 2420 3573 2316 4509 2339 4509 2443 4498 2489 3561 2460"/></Shape>
	    <String CONTENT="re ꝯme il fu arme sailli"
                    HPOS="3561"
                    VPOS="2316"
                    WIDTH="948"
                    HEIGHT="173"></String>
          </TextLine>

          
          
          <TextLine ID="eSc_line_4e201f47"
                    TAGREFS="LT1087"
                    BASELINE="3573 2535 4509 2547" 
                    HPOS="3555"
                    VPOS="2437"
                    WIDTH="949"
                    HEIGHT="150">
            <Shape><Polygon POINTS="3567 2530 3567 2437 4498 2449 4504 2541 4492 2587 3555 2570"/></Shape>
	    <String CONTENT="en la sele. que onques a"
                    HPOS="3555"
                    VPOS="2437"
                    WIDTH="949"
                    HEIGHT="150"></String>
          </TextLine>

          
          
          <TextLine ID="eSc_line_95cdd74d"
                    TAGREFS="LT1087"
                    BASELINE="3573 2639 4550 2651" 
                    HPOS="3555"
                    VPOS="2541"
                    WIDTH="989"
                    HEIGHT="162">
            <Shape><Polygon POINTS="3567 2634 3567 2541 4538 2553 4544 2645 4532 2703 3555 2691"/></Shape>
	    <String CONTENT="estrier ne se volt prendre"
                    HPOS="3555"
                    VPOS="2541"
                    WIDTH="989"
                    HEIGHT="162"></String>
          </TextLine>

          
          
          <TextLine ID="eSc_line_1952423d"
                    TAGREFS="LT1087"
                    BASELINE="3573 2743 4509 2755" 
                    HPOS="3555"
                    VPOS="2645"
                    WIDTH="949"
                    HEIGHT="156">
            <Shape><Polygon POINTS="3567 2738 3567 2645 4504 2651 4504 2749 4492 2801 3555 2784"/></Shape>
	    <String CONTENT="Qnͣt li baron le virent"
                    HPOS="3555"
                    VPOS="2645"
                    WIDTH="949"
                    HEIGHT="156"></String>
          </TextLine>

          
          
          <TextLine ID="eSc_line_61a576d6"
                    TAGREFS="LT1087"
                    BASELINE="3567 2847 4515 2859" 
                    HPOS="3550"
                    VPOS="2749"
                    WIDTH="959"
                    HEIGHT="156">
            <Shape><Polygon POINTS="3561 2842 3561 2749 4509 2761 4509 2853 4498 2905 3550 2888"/></Shape>
	    <String CONTENT="si distrent que grant le"
                    HPOS="3550"
                    VPOS="2749"
                    WIDTH="959"
                    HEIGHT="156"></String>
          </TextLine>

          
          
          <TextLine ID="eSc_line_f5234902"
                    TAGREFS="LT1087"
                    BASELINE="3567 2951 4498 2969" 
                    HPOS="3550"
                    VPOS="2847"
                    WIDTH="942"
                    HEIGHT="249">
            <Shape><Polygon POINTS="3561 2946 3561 2847 4492 2865 4492 2963 4480 3096 3550 3084"/></Shape>
	    <String CONTENT="gierete auoit faite. Il"
                    HPOS="3550"
                    VPOS="2847"
                    WIDTH="942"
                    HEIGHT="249"></String>
          </TextLine>

          
          
          <TextLine ID="eSc_line_1ff2addf"
                    TAGREFS="LT1087"
                    BASELINE="3578 3044 4550 3061" 
                    HPOS="3561"
                    VPOS="2951"
                    WIDTH="983"
                    HEIGHT="145">
            <Shape><Polygon POINTS="3573 3038 3573 2951 4544 2951 4544 3055 4532 3096 3561 3084"/></Shape>
	    <String CONTENT="demanda sa targe bien fu"
                    HPOS="3561"
                    VPOS="2951"
                    WIDTH="983"
                    HEIGHT="145"></String>
          </TextLine>

          
          
          <TextLine ID="eSc_line_7bb29b5a"
                    TAGREFS="LT1087"
                    BASELINE="3573 3148 4509 3165" 
                    HPOS="3555"
                    VPOS="3038"
                    WIDTH="949"
                    HEIGHT="179">
            <Shape><Polygon POINTS="3567 3142 3567 3038 4498 3055 4504 3159 4492 3217 3555 3188"/></Shape>
	    <String CONTENT="qui li donna. Apres prist"
                    HPOS="3555"
                    VPOS="3038"
                    WIDTH="949"
                    HEIGHT="179"></String>
          </TextLine>

          
          
          <TextLine ID="eSc_line_906513e3"
                    TAGREFS="LT1087"
                    BASELINE="3573 3252 4532 3275" 
                    HPOS="3555"
                    VPOS="3148"
                    WIDTH="972"
                    HEIGHT="167">
            <Shape><Polygon POINTS="3567 3246 3567 3148 4527 3182 4527 3269 4515 3315 3555 3304"/></Shape>
	    <String CONTENT="son glaiue. ⁊ prist congie"
                    HPOS="3555"
                    VPOS="3148"
                    WIDTH="972"
                    HEIGHT="167"></String>
          </TextLine>

          
          
          <TextLine ID="eSc_line_f2bd939d"
                    TAGREFS="LT1087"
                    BASELINE="3573 3373 4538 3373" 
                    HPOS="3561"
                    VPOS="3286"
                    WIDTH="971"
                    HEIGHT="139">
            <Shape><Polygon POINTS="3567 3367 3567 3286 4532 3286 4532 3367 4527 3425 3561 3414"/></Shape>
	    <String CONTENT="aus barons qui lont ꝯmã"
                    HPOS="3561"
                    VPOS="3286"
                    WIDTH="971"
                    HEIGHT="139"></String>
          </TextLine>

          
          
          <TextLine ID="eSc_line_fe06e18a"
                    TAGREFS="LT1087"
                    BASELINE="3573 3460 4504 3471" 
                    HPOS="3555"
                    VPOS="3367"
                    WIDTH="943"
                    HEIGHT="145">
            <Shape><Polygon POINTS="3567 3454 3567 3367 4492 3385 4498 3466 4486 3512 3555 3500"/></Shape>
	    <String CONTENT="de a dieu. et mlt&#39; y ot de"
                    HPOS="3555"
                    VPOS="3367"
                    WIDTH="943"
                    HEIGHT="145"></String>
          </TextLine>

          
          
          <TextLine ID="eSc_line_70310722"
                    TAGREFS="LT1087"
                    BASELINE="3561 3564 4515 3581" 
                    HPOS="3544"
                    VPOS="3466"
                    WIDTH="965"
                    HEIGHT="150">
            <Shape><Polygon POINTS="3555 3558 3555 3466 4504 3483 4509 3575 4498 3616 3544 3604"/></Shape>
	    <String CONTENT="tiex qui gnͣs souspirs ge"
                    HPOS="3544"
                    VPOS="3466"
                    WIDTH="965"
                    HEIGHT="150"></String>
          </TextLine>

          
          
          <TextLine ID="eSc_line_e48713a3"
                    TAGREFS="LT1087"
                    BASELINE="3567 3656 4515 3679" 
                    HPOS="3550"
                    VPOS="3558"
                    WIDTH="959"
                    HEIGHT="167">
            <Shape><Polygon POINTS="3561 3650 3561 3558 4509 3581 4509 3673 4498 3725 3550 3702"/></Shape>
	    <String CONTENT="terent. Car mlt&#39; sen dou"
                    HPOS="3550"
                    VPOS="3558"
                    WIDTH="959"
                    HEIGHT="167"></String>
          </TextLine>

          
          
          <TextLine ID="eSc_line_a5259697"
                    TAGREFS="LT1087"
                    BASELINE="3561 3760 4509 3783" 
                    HPOS="3544"
                    VPOS="3656"
                    WIDTH="960"
                    HEIGHT="179">
            <Shape><Polygon POINTS="3555 3754 3555 3656 4498 3679 4504 3777 4492 3835 3544 3812"/></Shape>
	    <String CONTENT="terent pour le pris de ce"
                    HPOS="3544"
                    VPOS="3656"
                    WIDTH="960"
                    HEIGHT="179"></String>
          </TextLine>

          
          
          <TextLine ID="eSc_line_121f9e26"
                    TAGREFS="LT1087"
                    BASELINE="3561 3876 4041 3864" 
                    HPOS="3544"
                    VPOS="3772"
                    WIDTH="491"
                    HEIGHT="161">
            <Shape><Polygon POINTS="3555 3870 3544 3772 4024 3783 4035 3858 4035 3922 3555 3933"/></Shape>
	    <String CONTENT="lui clerus."
                    HPOS="3544"
                    VPOS="3772"
                    WIDTH="491"
                    HEIGHT="161"></String>
          </TextLine>

          
          
          <TextLine ID="eSc_line_854d0fb0"
                    TAGREFS="LT1087"
                    BASELINE="3761 3948 4550 3948" 
                    HPOS="3752"
                    VPOS="3858"
                    WIDTH="792"
                    HEIGHT="179">
            <Shape><Polygon POINTS="3758 3945 3752 3870 4538 3858 4544 3945 4544 4037 3758 4037"/></Shape>
	    <String CONTENT="I dus de lembourc qͥ"
                    HPOS="3752"
                    VPOS="3858"
                    WIDTH="792"
                    HEIGHT="179"></String>
          </TextLine>

          
          
          <TextLine ID="eSc_line_055c527b"
                    TAGREFS="LT1087"
                    BASELINE="3781 4047 4510 4047" 
                    HPOS="3769"
                    VPOS="3974"
                    WIDTH="740"
                    HEIGHT="162">
            <Shape><Polygon POINTS="3775 4043 3775 3974 4509 3974 4509 4043 4504 4136 3769 4112"/></Shape>
	    <String CONTENT="mlt&#39; estoit sages et"
                    HPOS="3769"
                    VPOS="3974"
                    WIDTH="740"
                    HEIGHT="162"></String>
          </TextLine>

          
          
          <TextLine ID="eSc_line_699bbccb"
                    TAGREFS="LT1087"
                    BASELINE="3573 4170 4515 4188" 
                    HPOS="3555"
                    VPOS="4049"
                    WIDTH="954"
                    HEIGHT="185">
            <Shape><Polygon POINTS="3567 4164 3567 4049 4504 4095 4509 4182 4498 4234 3555 4205"/></Shape>
	    <String CONTENT="soutilz de garde doutoit"
                    HPOS="3555"
                    VPOS="4049"
                    WIDTH="954"
                    HEIGHT="185"></String>
          </TextLine>

          
          
          <TextLine ID="eSc_line_d2f80cc5"
                    TAGREFS="LT1087"
                    BASELINE="3561 4280 4504 4292" 
                    HPOS="3544"
                    VPOS="4182"
                    WIDTH="954"
                    HEIGHT="156">
            <Shape><Polygon POINTS="3555 4274 3555 4182 4498 4193 4498 4286 4486 4338 3544 4303"/></Shape>
	    <String CONTENT="ce que auenir pooit. et"
                    HPOS="3544"
                    VPOS="4182"
                    WIDTH="954"
                    HEIGHT="156"></String>
          </TextLine>

          
          
          <TextLine ID="eSc_line_b7bcaf11"
                    TAGREFS="LT1087"
                    BASELINE="3567 4384 4521 4401" 
                    HPOS="3550"
                    VPOS="4268"
                    WIDTH="965"
                    HEIGHT="180">
            <Shape><Polygon POINTS="3561 4378 3561 4268 4515 4303 4515 4396 4504 4448 3550 4436"/></Shape>
	    <String CONTENT="fist armer Mil cheualiers"
                    HPOS="3550"
                    VPOS="4268"
                    WIDTH="965"
                    HEIGHT="180"></String>
          </TextLine>

          
          
          <TextLine ID="eSc_line_c84a31b8"
                    TAGREFS="LT1087"
                    BASELINE="3567 4494 4515 4511" 
                    HPOS="3550"
                    VPOS="4401"
                    WIDTH="959"
                    HEIGHT="156">
            <Shape><Polygon POINTS="3561 4488 3561 4401 4504 4419 4509 4505 4498 4557 3550 4528"/></Shape>
	    <String CONTENT="de sa gent. pour ce que se"
                    HPOS="3550"
                    VPOS="4401"
                    WIDTH="959"
                    HEIGHT="156"></String>
          </TextLine>

          
          
          <TextLine ID="eSc_line_02bb700f"
                    TAGREFS="LT1087"
                    BASELINE="3561 4598 4521 4621" 
                    HPOS="3544"
                    VPOS="4488"
                    WIDTH="971"
                    HEIGHT="173">
            <Shape><Polygon POINTS="3555 4592 3555 4488 4515 4523 4515 4615 4504 4661 3544 4638"/></Shape>
	    <String CONTENT="mestier estoit que il fus"
                    HPOS="3544"
                    VPOS="4488"
                    WIDTH="971"
                    HEIGHT="173"></String>
          </TextLine>

          
          
          <TextLine ID="eSc_line_217d7485"
                    TAGREFS="LT1087"
                    BASELINE="3561 4702 4498 4719" 
                    HPOS="3544"
                    VPOS="4604"
                    WIDTH="948"
                    HEIGHT="150">
            <Shape><Polygon POINTS="3555 4696 3555 4604 4486 4621 4492 4713 4480 4754 3544 4748"/></Shape>
	    <String CONTENT="sent appareillie. Et nul"
                    HPOS="3544"
                    VPOS="4604"
                    WIDTH="948"
                    HEIGHT="150"></String>
          </TextLine>

          
          
          <TextLine ID="eSc_line_1f7d6c26"
                    TAGREFS="LT1087"
                    BASELINE="3561 4806 4556 4823" 
                    HPOS="3544"
                    VPOS="4713"
                    WIDTH="1006"
                    HEIGHT="168">
            <Shape><Polygon POINTS="3555 4800 3555 4713 4550 4731 4550 4817 4538 4881 3544 4858"/></Shape>
	    <String CONTENT="mestier nen estoit Clerus"
                    HPOS="3544"
                    VPOS="4713"
                    WIDTH="1006"
                    HEIGHT="168"></String>
          </TextLine>

          
          
          <TextLine ID="eSc_line_c777deb0"
                    TAGREFS="LT1087"
                    BASELINE="3555 4915 4492 4944" 
                    HPOS="3538"
                    VPOS="4823"
                    WIDTH="948"
                    HEIGHT="179">
            <Shape><Polygon POINTS="3550 4910 3550 4823 4486 4840 4486 4939 4475 5002 3538 4979"/></Shape>
	    <String CONTENT="doutoit de ceulz dehors"
                    HPOS="3538"
                    VPOS="4823"
                    WIDTH="948"
                    HEIGHT="179"></String>
          </TextLine>

          
          
          <TextLine ID="eSc_line_c4cc467b"
                    TAGREFS="LT1087"
                    BASELINE="3550 5037 4515 5066" 
                    HPOS="3532"
                    VPOS="4944"
                    WIDTH="977"
                    HEIGHT="156">
            <Shape><Polygon POINTS="3544 5031 3544 4944 4509 4967 4509 5060 4498 5100 3532 5083"/></Shape>
	    <String CONTENT="si fist ꝯme partie de sa"
                    HPOS="3532"
                    VPOS="4944"
                    WIDTH="977"
                    HEIGHT="156"></String>
          </TextLine>

          
          
          <TextLine ID="eSc_line_b5fa32da"
                    TAGREFS="LT1087"
                    BASELINE="3550 5141 4509 5181" 
                    HPOS="3532"
                    VPOS="5043"
                    WIDTH="972"
                    HEIGHT="173">
            <Shape><Polygon POINTS="3544 5135 3544 5043 4504 5066 4504 5175 4492 5216 3532 5193"/></Shape>
	    <String CONTENT="gent aprester. ⁊ il meis"
                    HPOS="3532"
                    VPOS="5043"
                    WIDTH="972"
                    HEIGHT="173"></String>
          </TextLine>

          
          
          <TextLine ID="eSc_line_17976e7e"
                    TAGREFS="LT1087"
                    BASELINE="3555 5256 4573 5274" 
                    HPOS="3538"
                    VPOS="5147"
                    WIDTH="1029"
                    HEIGHT="184">
            <Shape><Polygon POINTS="3550 5250 3550 5147 4567 5164 4567 5268 4556 5331 3538 5314"/></Shape>
	    <String CONTENT="mes si ꝯme pour souneur"
                    HPOS="3538"
                    VPOS="5147"
                    WIDTH="1029"
                    HEIGHT="184"></String>
          </TextLine>

          
          
          <TextLine ID="eSc_line_a3be1eea"
                    TAGREFS="LT1087"
                    BASELINE="3538 5366 4532 5389" 
                    HPOS="3521"
                    VPOS="5262"
                    WIDTH="1006"
                    HEIGHT="168">
            <Shape><Polygon POINTS="3532 5360 3532 5262 4521 5285 4527 5383 4515 5430 3521 5406"/></Shape>
	    <String CONTENT="garder. Dont sen issi par"
                    HPOS="3521"
                    VPOS="5262"
                    WIDTH="1006"
                    HEIGHT="168"></String>
          </TextLine>

          
          
          <TextLine ID="eSc_line_1ce6cc7a"
                    TAGREFS="LT1087"
                    BASELINE="3555 5476 4509 5499" 
                    HPOS="3538"
                    VPOS="5378"
                    WIDTH="966"
                    HEIGHT="161">
            <Shape><Polygon POINTS="3550 5470 3550 5378 4498 5406 4504 5493 4492 5539 3538 5528"/></Shape>
	    <String CONTENT="vne fausse posterner. ⁊"
                    HPOS="3538"
                    VPOS="5378"
                    WIDTH="966"
                    HEIGHT="161"></String>
          </TextLine>

          
          
          <TextLine ID="eSc_line_1d813133"
                    TAGREFS="LT1087"
                    BASELINE="3550 5586 4527 5603" 
                    HPOS="3532"
                    VPOS="5493"
                    WIDTH="989"
                    HEIGHT="168">
            <Shape><Polygon POINTS="3544 5580 3544 5493 4515 5510 4521 5597 4509 5661 3532 5626"/></Shape>
	    <String CONTENT="sen vint la ou karus esto"
                    HPOS="3532"
                    VPOS="5493"
                    WIDTH="989"
                    HEIGHT="168"></String>
          </TextLine>

          
          
          <TextLine ID="eSc_line_84d0a428"
                    TAGREFS="LT1087"
                    BASELINE="3544 5695 4498 5718" 
                    HPOS="3526"
                    VPOS="5603"
                    WIDTH="966"
                    HEIGHT="306">
            <Shape><Polygon POINTS="3538 5690 3538 5603 4486 5609 4492 5713 4486 5880 4261 5909 4261 5909 4255 5909 4255 5909 4249 5909 4249 5909 4249 5909 4243 5909 4197 5880 4053 5903 4053 5903 4053 5903 4047 5903 3526 5857"/></Shape>
	    <String CONTENT="it ⁊ latendoit. Quant"
                    HPOS="3526"
                    VPOS="5603"
                    WIDTH="966"
                    HEIGHT="306"></String>
          </TextLine>

          
          
          <TextLine ID="eSc_line_325c8d94"
                    TAGREFS="LT1087"
                    BASELINE="3550 5811 4504 5834" 
                    HPOS="3532"
                    VPOS="5701"
                    WIDTH="966"
                    HEIGHT="237">
            <Shape><Polygon POINTS="3544 5805 3544 5701 4498 5724 4498 5828 4492 5938 4307 5938 4301 5932 4301 5932 4295 5932 4295 5932 4295 5932 4272 5921 4186 5874 4047 5903 4047 5903 4047 5903 4047 5903 4041 5903 3532 5869"/></Shape>
	    <String CONTENT="li vns vit lautre. il ni"
                    HPOS="3532"
                    VPOS="5701"
                    WIDTH="966"
                    HEIGHT="237"></String>
          </TextLine>

          
        </TextBlock>
        
        <TextBlock HPOS="3486"
                   VPOS="3878"
                   WIDTH="351"
                   HEIGHT="296"
                   ID="eSc_textblock_327f0331"
                   TAGREFS="BT3119">
          <Shape><Polygon POINTS="3486 3878 3486 4174 3837 4174 3837 3878"/></Shape>
          
          
          <TextLine ID="eSc_line_fcb168b1"
                    TAGREFS="LT1088"
                    BASELINE="3532 4017 3782 4017" 
                    HPOS="3521"
                    VPOS="3876"
                    WIDTH="260"
                    HEIGHT="340">
            <Shape><Polygon POINTS="3526 4014 3526 3910 3659 3916 3769 3876 3781 4014 3775 4216 3521 4193"/></Shape>
	    <String CONTENT="L"
                    HPOS="3521"
                    VPOS="3876"
                    WIDTH="260"
                    HEIGHT="340"></String>
          </TextLine>

          
        </TextBlock>
        

        
      </PrintSpace>
    </Page>
  </Layout>
</alto>
