5273 6932
688 462 977 196 grant occision qui onques

693 646 949 116 fust dite ennule ystoire.

693 745 966 115 qui face acroire. Car tant

688 837 965 110 aigrement se penoit lune

693 935 972 116 partie 7 lautre de leur ane

693 1039 977 122 mis seurmonter. que cene

688 1149 948 116 seroit se merueille non du

688 1265 971 115 dire. Pelyarmenus qui la

693 1363 954 110 terre 7 le pays vouloit du

688 1467 936 127 tout metre asa volente.

688 1553 988 151 sen aloit par labataille les

688 1681 936 127 renz cerchant en tele ma

682 1773 1006 127 niere que tout occioit tout

682 1883 994 121 detrenchoit 7 tout abatoit

670 1987 995 127 Si que nulz nosoit ses cops

676 2091 954 109 atendre. Ainz donnoit a

676 2172 942 138 sa gent signͣt aide 7 signͣt

670 2287 948 121 cuer. que mar fust de ce

670 2379 1012 133 lui qui le veist acui sa force

670 2495 925 133  son hardement ne soit

670 2582 983 144 doublez. Myrrus qui plus

664 2703 949 121 auoit fait darmes que

670 2784 977 127 nul cheualier qui en tout

670 2905 966 121 le iour eust armes portees

664 3009 983 121 estoit tiex menez que si cop

682 3119 936 115 aloient ia aussi ꝯme reu

670 3223 972 121 sant. Dont sest mis avne

664 3315 966 127 part entre lui 7 Elygius.

664 3414 1018 138 7 se sont mis hors delestour

664 3529 954 127 Et osterent .i. poi leur hy

676 3621 1006 128 aumes pour eulz refroidier

670 3720 943 133 puis restrainstrent leur

670 3829 966 122 cheuaus et ont leur plai

664 3916 978 133 es bendees. Et adont leur

664 4037 972 110 sembla que ml't bien leur

664 4136 966 132 estoit. Compains ce dist

664 4222 989 145 Myrrus. Or vaut miex a

670 4355 948 127 nous 7 pis a eulz. Or veul

670 4453 943 133 ie que vous me suiuez la

670 4569 960 127 ou ie voudrai aler. Amis

670 4679 937 115 dist il alez deuant et ie

688 4771 942 144 vous suiura. adont sest

676 4887 942 132 mis es cheuaus 7 sont re

670 4991 972 150 uerti vers labataille. Et

676 5118 931 127 quant il furent la venu

670 5227 948 127 si esgarda Mirus le gnͣt

676 5320 977 138 trayu que cil fesoient des

682 5453 936 121 leur. si sest adreciez celle

682 5528 971 133 part ou il les vit chapler

682 5655 971 167 Et vit Pelyarmenus qui

1873 450 965 202 auoit occis .i. frison. Dont

1873 623 948 116 en poi deure se part agnͣt do

1873 733 942 104 mage. Car Mirrus leferi

1873 831 954 110 de si gnͣt air. que vousist ou

1873 930 954 109 non Pelyarmenus le trebu

1867 1034 931 115 cha Myrrus a terre de son

1861 1138 954 127 cheual. en tele maniere q̃

1861 1247 948 116 il ne sot se il fu ou nuit ou

1861 1340 931 127 iour. Dont feri Elygius

1855 1455 949 122 .i. autre en tel maniere q̃

1850 1553 948 133 onques puis not pooir de

1850 1675 936 115 eulz uiure. Empres ont

1855 1767 943 127 recouure seur pelyarmenꝰ

1855 1865 943 127 qui redreciez estoit en tele

1850 1946 994 145 guise que ml't eust este cour

1850 2073 948 122 te sa vie. se il neust este se

1855 2143 989 144 courus des siens. ml't esfor

1844 2270 1017 121 cieement. La orent li dui

1844 2374 994 121 compaignon moult asouf

1844 2483 948 128 frir pour ceste envaye.

1844 2564 983 151 Car pelyarmenus fu remõ

1844 2691 948 110 tez a cheual 7 volt son an

1850 2790 948 109 nui vengier. Lors feri sõ

1844 2888 948 121 destrier des esperons et se

1844 2986 954 121 mist en la plus gnͣt presse

1832 3090 954 139 myrrus qui estoit auirõ

1838 3182 960 151 nez de toutes pars feri.

1838 3304 954 115 .i. cop. si desmesure. que

1832 3408 949 127 se ne fussent ceulz qui en

1827 3494 1006 127 tour pelyarmenus estoiẽt

1838 3610 960 127 abatu leust du cheual.la

1838 3708 948 127 furent li dui compaignõ

1838 3806 937 133 ameschief. Car se ie nen

1844 3893 942 150 veul mentir. la furent il

1844 4003 937 138 touz .ii. des cheuaus mis

1838 4101 948 144 aterre. Et feroient seur

1832 4205 966 144 eulz qui miex miex. si que

1838 4315 937 144 leur mort estoit moult ꝓ

1832 4424 983 139 chaine. qnͣt il se mistrent

1838 4523 960 150 empres leur escuz ius seur

1827 4638 971 127 leur hyaumes. 7 les espees

1838 4754 943 133 empoigniees et mainte

1838 4858 931 144 nant se sont adosse. et

1838 4962 954 156 ont feru deuant 7 derrie

1838 5071 960 151 re entele maniere que nꝰ

1838 5187 960 150 cheuaus ne les pooit apro

1838 5302 966 145 chier que maintenant ne

1838 5406 943 139 fussent tuit pourfendu. 7

1838 5516 948 139 non pour qnͣt recurent il

1855 5603 1001 237 maint dur cop. Et ne peus

3029 433 960 202 sent auoir dure se ne fust

3035 594 960 139 diex qui secourre les voult.

3035 687 994 139 Car il fu dit a helcanus que

3035 785 948 139 il estoient en tel point. On

3041 878 948 138 not mie dite la parole. qnͣt

3035 982 966 144 lui. 7 gnͣt suite degent sont

3041 1097 971 144 venu cele part la fu pelyar

3035 1201 989 150 menus enꝯtrez de son frere

3035 1305 931 139 trop aigrement. ꝯme cil

3023 1403 1006 162 qui ne le cougnut mie. Car

3023 1525 949 132 si ꝯme veritez fu. il le prist

3023 1629 937 138 en tel maniere que du che

3029 1721 972 144 ual le mist a terre. que il grͣ

3023 1836 949 128 de ne sen dormoit. Puis fe

3023 1923 972 145 ri a destre et a senestre desi

3023 2021 989 156 gnͣt force. que mal de celui

3023 2143 966 127 qui arriere se ne soit trais

3018 2235 965 139 Se ne furent aucun qui ẽ

3018 2356 954 127 tendirent a pelyarmenus

3018 2460 954 116 redrecier. Mais ie croi q̃

3012 2559 965 138 il failli ason cheual.Car

3012 2645 971 145 liurez fu a myrrus. qui ml't

3012 2772 965 116 tost li sailli en sele.pour le

3012 2853 989 139 sien qui tolus li auoit estoit

3012 2969 954 127 este. Et elygius refu mis

3006 3055 1012 151 el sien.Car il auoit este res

3018 3182 983 122 cous dun grieu. a cui il en

3012 3292 960 116 cousta la vie. Quant cil

3012 3390 948 122 dui furent mis a cheual

3012 3466 960 132 Sachiez que adont yfule

3006 3575 960 127 chaples maintenus. Et

3000 3668 1001 133 se sont esforcie desi gnͣt yre

3012 3783 977 127 esmeu que nul nen veoiẽt

3006 3887 942 122 quil ne vousissent metre

3012 3974 977 133 amort. Et quant helcanꝰ

3006 4095 971 121 les vit. si vertueusement

3006 4205 971 121 chapler. Dont sest esver

3012 4309 965 121 tuez designͣt force.que il

3018 4419 1000 127 nen veoit nul que il ne vou

3000 4528 954 116 sist metre amort oului

3006 4638 659 127 descheuauchier.

3284 4748 699 133 Elyarmenus quies

3301 4852 676 121 toit si espris de cour

3018 4956 1023 139 rous que il en issoit du sens.

3023 5071 1006 145 vit helcanus son frere que

3023 5187 966 127 il pas ne congnut de tren

3018 5297 965 127 chier 7 occirre sa gent. 7 si

3018 5389 988 133 sot queillot mis desouche

3023 5516 949 116 ual aterre. Dont pour lui

3029 5614 919 179 vengier point le cheual
