5273 6932
1219 560 995 190 quant cilz entendi la damoisele

1208 739 1029 110 bien cuida que ele le deist a certes

1214 837 994 98 Et mua vne tres grant coleur

1214 935 977 99 ⁊ fu touz esbahiz ⁊ ne soit que

1214 1028 988 115 respondre. ⁊ fu aussi ꝯme touz

1219 1126 983 121 mus. Quant cele vit ce si se

1214 1230 971 127 hasta ⁊ dist. ꝯment lerres des

1219 1334 949 115 loiaus. Serez vous tiex que

1219 1444 978 109 vous me refuserez. tant ꝯme

1214 1536 959 127 ie vous veulle. Damoisele

1219 1652 978 115 dist il pour dieu merci. bien

1214 1750 977 127 auriez pouoir de moi detenir

1214 1842 988 122 se vous vouliez. Car ie sui toꝰ

1208 1958 994 115 seulz et vous auez autre en vo

1208 2062 948 110 stre aide.

1399 2166 780 115 vant la damoisele vit

1428 2270 751 109 ce. si fu mlt' courouciee

1196 2362 1035 116 et mua tres grant couleur dõt

1202 2472 983 110 ele ne fu pas mains bele. Et li

1202 2576 995 121 dist. Ha: desloiaus sodomites

1196 2674 989 116 mlt' mauez ore bien paiee. Ie

1185 2790 977 115 aie mal dehez. se ie ne le vous

1191 2894 965 109 rens. Quant cil oy ce si res

1179 2992 971 104 pondi. selonc sa volente. Da

1179 3096 989 104 moisele. se vous eussiez enten

1185 3194 1012 110 due ma parole. Ja ainssi ne me

1185 3281 971 127 ussiez respondu. Dont mẽ di

1179 3390 994 122 tes dist ele la senefiance. Da

1173 3494 989 116 moisele dist il volentiers. ẹ

1167 3598 989 110 Quant ie diz que iestoie. li

1162 3685 1006 127 seulz hom. Ie diz verite. Et voꝰ

1162 3806 988 110 dirai ꝯment. Li hom qui se

1150 3910 1000 110 ulz est. Cest a dire qui na a

1156 4009 1017 109 ide ne ꝯfort dautrui que de lui

1162 4107 977 127 meismes. Sachiez que cest ị

1156 4211 994 121 mlt' poi a vne tele damoisele

1150 4326 995 122 ꝯme vous estes. qui seule ne

1156 4430 1041 110 stes mie. si ꝯme iai deuant dit.

1156 4534 989 121 Car vous auez en vous pluse

1156 4638 989 116 urs graces qui mlt' porroient

1150 4742 1000 127 ꝯtrester a .i. tel hõme ꝯme ie

1150 4846 1000 121 sui. A ce que du tout en porriez

1144 4950 995 133 faire vostre volente. se ainssi

1144 5066 989 121 estoit que il vous pleust ⁊ bn'

1139 5181 994 127 le vous diroie. se vous le vou

1127 5274 1041 150 liez ⁊ il vous plesoit que ie le voꝰ

1139 5412 1011 122 deisse. Quant ele entendi ce

1133 5522 1017 110 si ꝯmenca a souzrire ⁊ dist. or

1144 5632 983 110 mauez vous paiee a ma volen

1133 5730 983 156 te. Et bien sai que vous vou

2416 387 954 375 lez dire. Dont dist ele quil

2428 739 948 115 se partist de la. Et quant il li

2428 843 948 110 plairoit ele li manderoit sa

2439 947 324 104 volente.

2624 993 741 139 vant li hermites sen fu

2630 1126 740 127 partiz. Li deables qui

2422 1224 1000 139 ot gnͣt pooir ⁊ en lun ⁊ en lau

2428 1334 931 121 tre. et qui mlt' gnͣt paine

2422 1444 954 115 y mist. Si ꝯme cilz qui bien y

2422 1548 954 115 moustra sa force. mist la pu

2422 1652 925 104 cele a ce quele couuoita le

2416 1750 966 127 laz dermite. et li chaitiz li ẽ

2411 1854 954 110 autele maniere que lun et

2411 1958 971 115 lautre se rendi a lui du tout.

2411 2056 965 121 En tele maniere quil leur es

2411 2154 988 116 tabli .i. lieu tel par quoi il ne

2411 2264 977 104 peussent estre aperceuz de nu

2411 2362 959 121 lui. Et il peussent tant viure

2399 2466 966 121 souffisaumẽt en autel aage

2405 2570 977 121 ꝯme il estoient a cel temps da

2399 2680 925 110 donc. desci atant que vns

2399 2784 954 115 hom vendroit qui toutes fã

2393 2888 948 110 tosmes destruiroit ⁊ metroit

2393 2986 948 110 a fin. et seroit li droiz mis a

2387 3078 937 128 uant par celui. et metroit

2382 3177 936 127 felonnie entre piez. Dont

2382 3286 959 122 fist li deables ceste cisterne a

2387 3390 920 122 inssi ꝯme vous la veez. Et

2382 3494 948 116 est faite en tele maniere que

2382 3598 977 116 tout autel y fait il de nuiz ꝯme

2382 3702 942 110 de iours. et ne puet estre a

2376 3795 942 127 peticiee de chose qui y soit de

2376 3905 989 115 ci au iour que ie vous ai dit

2370 4003 925 127 Et qnͣt cil lot appareilliee

2370 4107 960 121 ainssi ꝯme vous oiez. Si as

2364 4211 943 127 sembla ces .ii. en tele mani

2364 4326 948 116 ere. que onques puis ne fu

2364 4430 960 116 nulz qui seust que il deuind

2364 4523 966 127 drent autremeut que bien

2358 4632 943 122 sot li soudans q̃ cil li ot sa

2358 4742 943 116 fille emblee ⁊ rauie. Dont

2358 4852 949 121 la fist par tout cerchier ⁊

2358 4950 972 145 querre. sanz ce que nule nou

2353 5071 977 116 uele en peust on sauoir. Dõt

2347 5175 983 139 il est ainssi auenu. que la fil

2347 5297 960 115 e au soudant ⁊ celui sont en

2353 5383 977 156 core ceenz. ne ia ne faudrõt

2353 5510 983 122 deci a dont que ie vous ai dit

2341 5614 983 122 Et ma damoisele atant fait

2341 5730 966 150 par art. dont ele set plus

3573 525 971 220 que fame qui viue. que ele a

3573 722 994 132 ceenz fait venir. ⁊ son ꝯpain

3567 837 989 110 gnon lempereour ⁊ son com

3573 924 977 127 paignon. pour ce que elle

3567 1016 989 133 set bien quil sont quis par

3567 1120 994 121 toutes terres. Et quant il

3567 1213 983 121 seront touuez daucuns ele

3567 1328 1023 127 set bien quele ne les porroit

3561 1432 995 133 tenser. Si la ceenz fet ven'

3567 1548 989 109 Si nen istra iamais se nest

3567 1634 1012 127 par hõme souffisant ⁊ iuste

3561 1733 1047 127 Et ie croi que vous itiex estes.

3561 1848 1012 110 Si ferez ce que ie vous en sai

3561 1946 1018 122 gnerai. Mais que ma damo

3561 2056 758 121 isele en soit partie.

3746 2148 786 116 vant Clyodorus oy ce

3775 2247 752 109 si loa son sauueour.

3550 2345 988 127 ⁊ dist. Diex qui sus touz ma

3544 2455 965 115 lignes esperiz auez pouoir

3538 2553 1000 121 ⁊ ꝯmandement gardez moi

3550 2657 977 127 mame ⁊ mon cors par vostͤ

3544 2761 994 127 pitie ⁊ veulliez faire que ie

3538 2871 966 109 pouoir et hardement aie

3538 2969 954 109 a ce que ie puisse mon seignͬ

3532 3044 966 138 que ie tant desirre. geter

3532 3148 983 144 hors de peril dame ⁊ de cors.

3532 3269 977 116 Quant il ot ce dit. Si entẽ

3538 3385 948 115 di le cheualier que sa da

3532 3483 937 115 moisele estoit a lentree

3532 3581 972 127 de la cisterne. Et dist a cly

3526 3685 960 116 odorus. se vous voulez ceẽz

3521 3789 965 116 riens faire. il vous couui

3521 3876 994 138 ent de ci partir. Sire dist

3515 3997 983 115 il faites de moi vostre vo

3521 4101 1006 121 lente. Li cheualiers le pͥst

3515 4205 971 115 et le mist en vne cage ou

3521 4297 983 127 il ne vit goute. La damo

3515 4407 965 121 isele vint a gnͣt ioie a la

3521 4523 954 115 cisterne a tout gnͣt plen

3515 4621 948 127 te de puceles. ⁊ .ii. cheua

3515 4725 925 127 liers la tenoient li vns

3515 4846 960 116 dune part et li autres ḍ

3509 4944 966 145 dautre. Et ainssi sen vĩt

3515 5071 913 110 en la chambre. ou li em

3509 5147 983 155 perieres ⁊ daphus estoient

3509 5274 948 138 tout ainssi ꝯme ie vous

3509 5378 1000 138 ai compte. Quant il virẽt

3509 5499 971 139 la damoisele. si sont sailliz

3503 5614 948 128 en piez. Et ꝯmencierent

3503 5724 943 156 a ioie faire. Li empere
