5273 6932
757 491 1012 271 que entout le monde nauoit

757 745 960 115 son pareil tant estoit preu

763 843 1000 110 dons. Il vint alui ⁊ le trouua

757 941 971 104 tel ꝯme dit li estoit. Dont

757 1028 971 115 le fist prendre ⁊ li dist que il

751 1120 989 127 le feroit destruire. Seil nesto

751 1224 983 133 it tel ꝯme len disoit ⁊ quil se

745 1340 1012 121 fesoit . Cil se tut. Et il avint

751 1449 1006 116 que cil fist prendre.vi.damo

745 1548 966 115 iseles. qui toutes estoient

745 1640 1030 127 degnͣt biaute plaines.⁊ auec

740 1744 994 127 ce eles estoient puceles. Il

745 1854 983 115 leur dist atoutes ensemble

740 1952 977 121 se il pooit sauoir queles fe

745 2056 972 116 issent tant queles peussẽt

751 2148 1000 122 cel preudõme metre apechie

751 2252 1000 110 deluxure. Il leur donroit tãt

751 2351 971 121 dusien que iamais poures

745 2455 1001 127 ne seroient. Et eles distrẽt

751 2570 977 116 que leur pooir en feroient

745 2663 966 127 Lors les fist metre en vne

757 2772 1041 122 chambre toutes .vi. ⁊ lepreu

751 2882 983 110 dõme auecques eles. Lors

751 2974 948 116 le ꝯmencierent a atraire

751 3073 983 121 dece que eles porent ⁊ de pa

757 3177 954 121 role ⁊ de fait.Cilz apela son

763 3286 948 116 sauueour. et li pria mlt'

757 3385 948 121 doucement ⁊ deuotement

751 3483 971 127 quil le tenist en ferme cou

757 3593 1000 121 rage deschiuer le pechie. Nõ

757 3708 1023 110 mie pour ce que il eust paour

757 3801 1000 115 de la mort corporel. Ancois

757 3899 977 115 cremoit cele qui touziors

751 4003 983 121 puet durer sanz fin. Diex

757 4112 954 116 qui ne volt pas perdre son

757 4211 994 133 bõ ami. li dõna force pooir

751 4315 989 121 et vertu de ꝯtrester ala tẽ

751 4424 983 122 ptacion q̃ celes li vouloiẽt

757 4534 977 116 faire ⁊ faisoient. Et nõpor

757 4632 977 122 qnͣt lenfirent eles de teles

757 4748 977 121 que par nature neust il eu

757 4852 1018 121 pouoir deleschiuer. se neust

757 4956 977 133 este le.s.esperit. Et qnͣt

757 5060 1104 162 eles virent que apechie eles

757 5181 948 133 ne le porroient metre. Si

757 5285 1035 145 orent entre eles mlt' gnͣt des

751 5401 995 138 pit. Et distrent ꝯme nous

763 5522 988 116 sõmes chetiues. Qnͣt por

763 5614 1017 162 .i. herite nous sõmes mises

757 5736 977 202 en tel point. par dieu dist

1942 658 960 127 lune veritez est . Or soit

1942 768 960 115 ainssi que nous li aions a

1942 860 995 145 mene a ce faire. De quoi noꝰ

1942 958 948 110 serions nous auanciees ị

1948 1039 971 139 nient plus que du laissier

1942 1149 1000 139 Certes dist lautre ie ne sai.

1925 1236 948 138 Il ne nous couuient que

1936 1357 943 116 dire que nous en auons

1936 1455 954 127 fait nostre volente. Par

1931 1565 965 127 foi ce dist lautre cest tout

1948 1663 330 121 verite.

2145 1761 705 145 inssi sa corderent en

2173 1883 694 109 semble ⁊ huchierent

1879 1975 1006 133 ceulz qui ceste chose atendo

1936 2079 978 133 ient. Et quant il furent ve

1936 2172 954 121 nu eles distrent toutes en

1931 2276 959 121 semble que cilz qui se fesoit

1931 2379 954 122 iustes auoit pechie en eles

1925 2489 1006 116 Dont fu cilz amenez deuant

1925 2587 965 122 le soudant. ⁊ fu accusez si

1931 2697 965 116 ꝯme vous auez oy. Cil qui

1936 2801 966 110 estoit preudons ne se voult

1931 2899 936 116 ou poi ou nient excuser. a

1931 2986 948 133 inz dist qnͣt on lidemanda

1931 3096 936 127 se ce estoit voirs que celi ị

1931 3194 959 127 fust auenu que il auoit pe

1936 3304 972 121 chie ensame. Quant li so

1936 3408 954 121 udans oy ce. Si ꝯmence a

1936 3512 954 115 faire duel. Et ꝯmanda afa

1942 3610 937 127 ire.i.feu.et onsifist. Et

1936 3714 943 121 qnͣt li preudom vit son iu

1936 3824 978 109 gement.Si ot paour selõc

1936 3910 949 127 la char ⁊ douta lamort. A

1936 4014 972 122 dont fu li anemis aprestez

1936 4124 949 121 qui li dist aussi ꝯme en voiz

1936 4222 978 133 dangle. Mlt' es folz. quant

1936 4344 972 115 ie tauoie tenu en vertu por

1942 4442 972 110 moi essaucier. et tu ne rescõ

1936 4540 972 121 diz pas si ꝯme tu deusses. Ie

1942 4650 948 115 te ꝯmant que tu tes condis

1936 4754 1006 121 ses a ce que eles soient mises

1936 4846 712 145 alesprueue du fait.

2173 4962 683 138 vant li hermites oy

2168 5071 693 139 ceste voiz. Sicuida q̃e

1936 5181 978 133 le venist de dieu. Si dist oiãt

1936 5308 966 122 le soudant. Sire pour quoi

1942 5418 966 127 me voulez vous destruire sãz

1942 5528 931 110 raison. Ia ne pueent ces

1948 5632 977 110 damoiseles porter tesmoing

1936 5730 966 191 contre moi. fors seulemẽt

3122 583 983 202 de bouche. Dont entendi

3127 774 960 104 li soudans que cilz se vouloit

3133 866 977 116 desfendre si auant ꝯme il por

3122 958 954 110 roit. ⁊ lui escondire.⁊ il si fist

3122 1051 977 121 entele maniere que celes fu

3122 1166 971 110 rent trouuees en leur tort.

3116 1270 937 110 Et avint que en cel fu qui

3116 1369 977 109 fu fais pour celui ieter que

3116 1467 1017 115 celes yfurent Ietees ⁊ en orẽt

3116 1571 942 121 leur soudees. Il avint de ce

3116 1681 954 115 que li soudanz tint celui en

3116 1784 948 116 grant chierte. ⁊ le couuint

3116 1894 954 104 demourer auec lui vousist

3116 1987 942 121 ou non. Sy ydemoura gnͣt

3116 2091 948 115 temps. Et tant yfu queli

3122 2183 954 144 deables ot part en ses oeuͤs

3116 2287 838 116 si ꝯme ie uous ꝯterai.

3318 2374 775 150 I soudans auoit vne fil

3312 2495 758 139 le.si bele que en tout le

3122 2599 983 127 pays nauoit sappareille de

3116 2703 965 127 biaute. ele sot ꝯment celes

3122 2824 1011 110 ne porent metre le preudõme

3122 2922 954 110 apechie deluxure. Et avint

3122 3015 971 115 de ce que la pucele volt aluiꝑ

3116 3113 1000 156 ler. Et voult sauoir se il esto

3116 3217 960 116 it tiex ꝯme il se faisoit. vn

3116 3315 977 122 iour le fist venir alui. Et li

3122 3419 942 127 dist. ꝯment biau sire pouez

3127 3535 989 110 vous estre tiex ꝯme ie entẽs

3122 3627 977 122 Damoisele dist il quiex entẽ

3122 3725 965 122 dez vous que ie sui. le entẽs

3127 3835 972 110 dist ele que vous tenez trop

3122 3928 1023 121 en despit dames ⁊ damoiseles

3122 4032 959 121 Et cilz respondi. damoisele.

3116 4141 977 122 sauue soit vostre grace.non

3122 4240 994 132 fais. Ainz sui dõme ⁊ defam

3122 4355 925 121 me issus.et tant les aĩme

3122 4459 954 121 ꝯme ie doi. sauf le droit de

3127 4563 567 121 mon createur.

3307 4667 769 116 vant ladamoisele oy

3370 4765 723 122 de si ne li souffist mie

3122 4863 1017 139 ainz li dist ainssi ꝯme engnͣt

3133 4979 972 139 conseil.Sachiez que se ie cui

3133 5095 931 138 doie que vous me fussiez de

3127 5204 1001 168 bõne nature.que ie metroie

3127 5326 972 132 mon cuer en vous. et seriez

3116 5441 1006 127 sires de moi.Si que vous por

3122 5551 971 115 riez bien faire autant de vo

3122 5655 959 121 stre preu.ꝯme vous faites

3122 5759 959 179 ou point ou vous estes. Et
