5273 6932
855 583 977 202 si dist. Frere faites moi ꝑ

855 774 954 104 ler a celui qui les lectres a

849 872 995 115 porta. Car au mains lairai

855 970 995 110 ie sauoir ama suer aucunes

855 1068 925 110 choses. Par dieu dist il ia

849 1166 972 122 ne vous en meslerez. quar

844 1270 959 122 ia ne saura que ie puisse q̃

838 1386 994 110 vous soiez ci entel point.ne

849 1478 960 122 helcanus aussi. Mais sou

838 1582 960 122 ffrez de ci adont que vous ị

838 1692 954 121 orrez autres nouueles. A

844 1796 977 116 dont se tut lapucele ⁊ Iosy

832 1900 971 116 as fist escrire ce que il volt

832 1998 966 116 Et tout aussi firent li au

838 2096 960 122 tre baron. A dont mande

838 2200 965 110 rent le message. ⁊ li furent

838 2299 960 109 donne mlt' deriches dons. ⁊

838 2391 942 116 tant ot dauoir que mlt'

832 2483 966 139 fu riches.Si li distrent q̃

832 2605 971 115 il feist bien la besoingne.

832 2697 948 116 ⁊ que grans biens len por

832 2795 931 127 roit venir. Il dist que de

826 2905 937 104 ce estoit il touz proiez. et

815 2998 971 115 se mist ala voie ⁊ erra tãt

815 3090 1017 133 par ses iournees que il vĩt

815 3206 983 127 arriere a rõme. Et quant

815 3298 1000 127 il vint aladame quilauoit

809 3402 989 127 enuoie el message. Silifist

815 3512 954 127 mlt' gnͣt ioie. Dont li don

809 3621 971 122 na cil .vii. paire de lectres.

803 3720 960 115 Et quant ele les tint si es

809 3818 954 127 garda chascune ⁊ sot maĩ

809 3933 948 110 tenant que li emperieres

803 4026 972 115 ⁊ Iosyas ses freres estoient

803 4130 983 115 en grece. Dont ot mlt' gnͣt

803 4228 977 156 ioie de ceste chose. Or estoit

797 4338 972 133 adont Rõme ⁊ le pays si es

797 4459 983 110 meu du mandemẽt que pe

797 4552 960 127 lyarmenus auoit fait a

792 4661 988 122 son frere.que tout estoiẽt

792 4777 965 121 semons pour aler engre

786 4881 971 121 ce. Fastidorus auoit mã

797 4967 1001 145 de par tout si esforcieem̃t

792 5100 965 122 que tuit li grant prince ḍ

792 5210 977 121 du pays estoient assemble

792 5326 977 132 ⁊ metoient ensemble leur

792 5430 260 92 gent.

1029 5493 705 150 phode qui en gnͣs es

1034 5632 677 127 toit que helcanus

780 5730 1000 179 seust les nouueles deson ꝑe

2012 612 994 179 si sa presta ⁊ vint alui mlt'

2023 774 931 127 amiablemẽt. ⁊ il li fist fe

2017 883 972 110 ste mlt' gnͣt ⁊ ioie de ce que

2017 987 960 104 il pot. Sire dist ele mout

2029 1080 942 121 vous deuez esleeschier. qrͣ

2006 1184 942 121 ie uous aport nouueles qͥ

2012 1288 948 121 mlt' vous doiuent plaire.

2000 1392 966 115 Par foi dist il mlt' aroie bi

2006 1490 919 121 en mestier de nouueles

2006 1600 931 121 qui bõnes me fussent. A

2006 1704 977 127 dont li mist la lectre lempe

2000 1808 960 121 reour enlamaim. Et qnͣt

2000 1912 948 109 il latint.si esgarda la cire

2000 2010 931 115 ⁊ ot tel ioie que il ne pot

2006 2102 936 98 mot dire. ainz ꝯmenca a

1994 2200 937 116 souspirer.puis brisa la ci

1994 2293 972 138 re ⁊ trouua quil yauoit es

1994 2397 284 144 cript.

2214 2455 769 184 assydorus emperieres

2243 2599 682 133 de costentinnoble. a

1965 2686 977 156 son chier filz helcanus da

1971 2813 971 121 moisel de la deuant dite ci

1983 2917 994 133 te. Salus ⁊ amour depere.

1983 3009 954 127 Chier filz. ie sui mlt' liez de

1983 3107 959 127 ce que iai entendu que voꝰ

1977 3206 977 138 estes sains ⁊ haitiez pour la

1971 3321 948 121 quel chose. Ie vous fais a

1971 3419 925 133 sauoir ꝯment que iaie

1971 3535 937 127 esploitie de vous. ie sui ⁊

1971 3639 937 121 sains ⁊ haitiez ⁊ poissanz

1965 3743 983 115 et uolentif de sormonter

1965 3835 954 127 touz mes anemis. Et voꝰ

1960 3945 971 115 pri que vous soiez ẽpais qrͣ

1965 4037 954 127 ie cuit quẽ prochain tẽps

1965 4141 954 122 tout cil qui contre moi. et

1965 4245 949 122 ꝯtre vous ont este vende

1960 4349 954 127 ront tart au repentir.Si

1977 4448 931 138 vous fais asauoir laide qͥ

1965 4563 954 116 puis nous est crute q̃ vous

1965 4661 972 139 partistes du siege de deuãt

1960 4771 936 127 laomedon. Veritez est q̃

1948 4881 966 127 Iosyas lefilz au roy despai

1954 5002 931 121 gne. vint le cinquiesme

1954 5106 965 127 iour de luing deuant lao

1954 5222 942 121 medon. ⁊ auoieut nostre

1954 5331 983 122 gent cel iour meismes ba

1948 5435 954 116 taille a peliarmenus et

1954 5534 942 109 au roy darragon ⁊ aleur

1954 5638 913 121 gent. Et avint que no

1954 5736 960 196 stre gent eussent este des

3191 629 1006 168 cofit.se ne fust Iosyas qui

3191 779 989 99 a ce iour les secorut olui

3191 866 1012 127 .xm. feruestus. Apres le mo

3191 964 1000 116 is de septembre. nostre gẽt

3191 1074 989 115 orent baille aleur aduer

3185 1184 989 115 se partie. ⁊ eussent este no

3185 1282 972 115 stre gent mise amort.ne

3185 1374 937 139 fust mes chiers amis Ro

3185 1490 954 133 bers contes de flandres. ⁊

3179 1577 972 138 ie meismes ⁊ daphus mes

3179 1709 972 122 bons compains les secoru

3179 1796 1007 133 mes o nous .xxm. feruestus

3174 1923 988 110 Et est ainssi que nous auõ

3174 2021 994 110 saisi laomedon. ⁊ tenons c

3174 2120 1006 115 clerus par deu's nous. Ap's

3179 2224 954 103 nous auons aucuns de la

3174 2322 942 109 terre de ceulz en nostre ꝑ

3168 2420 1046 127 tie.Et nous vient li secors

3174 2530 988 115 de galylee de quoi nous cu

3168 2622 1006 127 idons auoir prochainem̃t

3174 2720 1012 133 de nostre partie .iiiim. hõmes

3174 2836 948 121 qui mlt' se porront fier en

3179 2940 931 110 eulz dauoir bataille con

3168 3026 937 128 tre .C. mille qui la feront

3168 3136 538 87 deleur cort.

3428 3223 665 144 inssi fu li sens de la

3445 3338 688 139 lectre que li emperi

3116 3442 1052 139 eres enuoia ason chier filz

3162 3552 966 133 Helcanus. Et quant il ot

3156 3656 1001 133 ce leu si dist. Dame voire

3162 3772 983 115 ment doi ie estre ioianz de

3162 3864 971 121 ces nouueles. Et mlt' est

3151 3957 994 132 grans li seruises que vous

3156 4072 989 116 mauez fais. Sire dist ẹle

3156 4164 995 128 veez en ci en core .v. paire.

3151 4268 988 145 qui a vous viennent. Dõt

3145 4367 965 144 les prist ⁊ les lut. ⁊ y trou

3151 4488 977 127 ua mlt' damours. ⁊ de dou

3151 4580 959 139 ceurs.que li vn ⁊ li autre

3151 4690 965 133 li mandoient. Et quant

3145 4800 1006 150 il ot tout leu. Siesgarda

3145 4910 977 138 la dame. qui mlt' piteuse

3145 5019 988 139 ment se seoit delez lui. Et

3145 5129 1017 133 lors li dist. Madame voire

3145 5239 983 144 ment pert il bien qui est

3139 5349 960 133 amis aubesoing. vostre

3139 5453 1035 127 frere josyas ne ma pas mis

3139 5562 966 122 en oubli.Sire dist ele sa

3139 5661 948 132 chiez que ie mlt' liee sui

3139 5770 989 197 de ce quil est en vostre aide.
