5273 6932
1133 600 1000 174 ensemble que bien fussent il

1139 762 977 110 venuz. Lors ꝯmanda que

1133 860 971 110 il salassent touz desarmer ⁊

1133 953 977 121 appareillier. ⁊ il si firent. Hel

1133 1057 971 104 canus demoura entre les da

1133 1149 965 127 mes ⁊ les damoiseles qui

1133 1241 1029 151 mlt' lesgarderent ⁊ prisierẽt

1133 1380 971 110 la biaute de lui. ⁊ sa ꝯtenan

1127 1484 954 116 ce. Mais lempereriz cong

1133 1588 977 121 nut bien. que cestoit cil qui

1127 1686 948 127 fist destruire les princes de

1127 1784 1012 133 costentinnoble. Lors le fist

1133 1888 965 116 delez li seoir. ⁊ li dist. Or ai

1127 1981 994 127 ie tant fait que ie vous tiẽ

1127 2102 948 110 Dame dist li damoisiaus

1127 2195 977 115 Si pouez de moi faire vostre

1121 2287 972 127 ꝯmandement. Par mõ chi

1115 2385 966 133 ef dist ele bien auez dit. Et

1110 2478 971 138 ie vous ferai auoir riche pͥ

1110 2593 971 127 son. Puis dist lempereriz:

1104 2703 994 127 Sire ne me celez pas que voꝰ

1110 2819 1000 121 ne me dites. ou vostre pere

1110 2917 1011 115 est. Certes dame ainz le voꝰ

1115 3021 1018 109 celerai bien. Car ie ne le vi

1115 3113 949 121 plus a de .x. anz. ne ie au

1092 3223 1006 110 tres nouueles nen sai ce

1115 3315 925 145 sachiez certainement.

1312 3419 798 162 vant lempereriz oy

1324 3529 774 127 ce si fu toute esbahi

1110 3639 977 110 e ⁊ dist. Dont me dites en

1110 3720 994 121 quel lieu il vous laissa ⁊ voꝰ

1110 3829 1006 116 lui. Dont esgarda lempere

1104 3928 1006 109 riz helcanus. Et li chairẽt

1098 4032 989 121 les iex as .ii. dames. qui e

1104 4124 1006 133 stoient fames ses filz. si fu

1110 4234 983 115 mlt' esbahiz ⁊ mua mlt' tͤs

1110 4338 1000 133 grant couleur. et abaissa

1104 4453 977 116 sa chiere que il auoit mlt'

1110 4557 971 122 gente. si ne respondi mot

1110 4661 988 116 a lempereriz. Et quant elle

1110 4759 1000 133 vit quil ne respondroit mie

1098 4881 983 127 si li dist. Sire pour quoi ne

1098 4979 989 144 me dites vous ce que ie voꝰ

1104 5095 971 138 ai enquis. Dame dist il ie

1098 5216 966 133 pensoie ou ce auoit este. ⁊

1092 5302 995 139 lors li dist quil lauoit lais

1092 5435 960 122 sie en .i. chastel. que on

1098 5522 1006 144 apeloit le chastel marage.

1098 5649 995 116 Et cil seoit sus la mer de fri

1098 5747 977 150 se. Et quel part est ce. Ce

2312 444 966 306 dist lempereriz. Dame

2318 750 948 110 dist il cest vers la mer de

2312 837 1000 116 frise. A lacostiere dalemai

2318 947 971 115 gne. Et ꝯment dist ele se

2318 1045 1023 116 parti il de vous ⁊ vous de lui.

2324 1143 971 122 Dame dist il. par auen

2312 1253 983 139 ture. qui la nous mena. q̃

2312 1340 1041 144 cil du chastel auoient guer

2318 1473 983 109 re a gent qui plus estoient

2318 1565 960 150 que il ne fussent. ⁊ sot mõ

2318 1663 971 139 pere que cil dehors auoiẽt

2312 1784 960 122 tort. ⁊ cil dedenz droit. Si

2312 1888 960 116 cuida aidier les plus foi

2312 1975 1012 116 bles. si ꝯme il fist. ⁊ quant

2312 2079 960 116 la guerre fu mise a chief.

2312 2177 1000 133 Mes peres sacompaigna a

2312 2287 972 110 .i. cheualier du chastel. ⁊

2306 2379 989 116 avint que la me laissa. Et

2318 2495 983 121 me dist quil reuendroit a

2312 2593 960 133 moi en prochain terme.

2306 2697 1001 127 Mais il ne me tint pas cou

2306 2813 949 115 uent. Car puis que il de

2306 2917 978 104 moi se departi ne fu de moi

2306 3015 972 115 veuz. Or vous ai ie dit ce

2295 3119 520 104 que ie en sai.

2532 3171 734 162 Vant lempereriz oy

2515 3315 728 127 ce. Si ot grant mer

2306 3425 978 121 ueille ⁊ dist. moult bien c̊i

2306 3523 995 116 que il en aucun lieu soit. ou

2301 3621 1011 128 il ne se veult faire congno

2301 3720 971 127 istre. Et sanz faille bien li

2301 3818 965 127 est sens ⁊ raison failliz. ọ

2301 3922 977 121 qnͣt il en tel point a sa t're

2295 4032 994 109 laissiee. ⁊ est alez en diuers

2289 4136 960 115 pays. ou il nest amez ne

2289 4216 1012 133 chier tenus si ꝯme il deust

2289 4349 995 110 Et auec tout ce a il son em

2289 4448 983 127 pire perdu. ⁊ cil aussi qui

2295 4557 977 116 auoir deuoient apres lui

2295 4667 989 116 lempire. Se il envers moi

2289 4765 989 122 ne fait ce que faire doit. Da

2283 4881 1001 127 me dist Helcauus. quel cho

2283 4991 1012 127 se a il a vous a faire. Que

2283 5100 977 116 le chose ce dist ele. Biau

2283 5210 977 121 sire. il fu .i. iour que vous

2283 5314 989 139 bien sauez. que cil de costẽ

2283 5424 995 133 tinnoble ⁊ de rõme. firent

2289 5539 995 127 le mariage de moi ⁊ de lui.

2289 5649 971 116 au viuant de vostre mere.

2289 5759 971 138 dont li droit fu puis cong

3492 566 965 213 neuz par quoi ie me parti

3497 750 943 116 de lui. ⁊ il de moi. Or est de

3492 837 994 121 puis auenu. que vostre me

3497 947 949 121 re est trespassee. par quoi

3497 1022 989 150 il deust estre repairiez a moi

3492 1138 965 132 et me tenist ꝯme sa chiere

3492 1241 965 139 amie si ꝯme ie sui. et fussẽt

3497 1357 937 133 mi enfant plus couuena

3497 1467 995 110 ble. ce que il me semble que

3497 1571 954 115 il les veulle faire bastars.

3492 1657 942 139 si ne fait pas bien. ne ce q̃

3497 1756 978 127 il doit. Dame dist li damo

3497 1871 943 127 isiaus. il me semble bien

3497 1981 949 110 que la raison soit couue

3497 2079 960 104 nable que vous dites. Mes

3503 2177 937 110 vne chose y a que ie veul

3497 2270 931 127 que vous sachiez. ꝯme il

3492 2351 994 156 soit ainssi que il si tost ꝯme

3492 2478 954 127 vous vousissiez il ne repai

3486 2576 960 133 re a vous. pour faire vostͤ

3492 2691 954 128 volente. ne sen suit il mie

3486 2807 989 115 que il ni sache aucune bon

3486 2905 983 104 ne raison. par quoi il lait

3486 3003 971 110 fait. Et pour ce ne deussẽt

3474 3096 995 121 pas vos enfanz auoir sai

3480 3211 943 127 si sa terre. ainssi ꝯme il

3480 3321 954 116 ont fait ⁊ moi meismes

3474 3425 954 116 refuser. A ce gue ie ne doie

3480 3517 960 122 estre plus prochains de lem

3480 3621 925 116 pire que nulz deulz. tout

3474 3714 977 127 fust mes peres ⁊ le leur sãz

3480 3829 960 116 vie. Certes dist la dame

3474 3928 995 104 bien le congnois. Et ie veil

3474 4032 983 109 bien que vous sachiez que

3474 4130 983 104 ma volente na mie este de

3469 4222 971 139 le que ie vousisse que mes

3474 4338 983 121 filz en eust ainssi esploitie

3469 4453 936 116 ꝯme il a. Mais puis que

3474 4552 949 121 ainssi est. que vostre pere

3469 4667 971 110 a ainssi de moi esploitie sa

3463 4771 994 121 chiez que vous de ma prisõ

3474 4875 949 127 nistrez de ci adont que ie

3469 4991 925 127 de lui orrai autres nou

3469 5106 948 121 ueles. Car ie le cuide a ce

3469 5199 954 127 mener. que il amoi vendͭͭ

3469 5320 977 121 et fera tant que vous serez

3463 5418 936 133 bon ami. ⁊ vous ⁊ mes en

3463 5534 942 127 fanz. ⁊ tout le mesfait qui

3463 5649 931 116 y aura este bien le ferai a

3463 5747 931 127 mander. Si plainement

3451 6192 1035 277 que bien vous deura souffire.
