5307 6416
3070 577 1718 128 Quant Sergestus a grãde peine ⁊ force

3065 689 1648 139 Moult sesu̾tue se trauaille et efforce

3054 807 1739 123 Mettre sa nef mocquee et sans honneur

3060 919 1669 123 Hors du rochicr ou foul entepreneur

3060 1031 1610 129 Cestoit enclos et demoura pendue

3060 1138 1551 134 Sa pouure nef de nully deffendue

3049 1256 1530 112 Perdu auoit etguide et auirons

3022 1363 1766 112 Dont moult tachoit issir des enuirons

3027 1475 1777 118 Tout ainsin ccrtes ꝯͬ en uoye ou en place

3065 1582 1648 123 Ou cheriot souuent chemine et passe

3065 1694 1583 123 Et sil aduient que la y ait serpent

3054 1801 1589 118 Qui au seiour repose en cest arpent

3060 1919 1567 118 Lors de ce char la forte et fiere reheue

3054 2021 1718 139 Coppe en allant de ce serpent la quehue

3060 2138 1556 118 Ou bien certes le uiateur passant

3054 2250 1696 118 Qui tel uermine p̾s de luy uoit et sent

3049 2363 1680 128 A coups de pierres la detrãche et separe

3049 2480 1626 113 Lors ce serpent demy mort se prepare

3033 2587 1792 123 Pour eschapper et grans saulx et grãs tours

3049 2694 1658 139 Fait de son corps par furieux destours

3044 2807 1711 128 Fier et cruel pour lune part se monstre

3054 2913 1691 123 Cõme sil deust acoup cheminer oultre

3049 3026 1685 123 Les yeux ardens et siffle et se lieue hault

3054 3143 1675 118 Comme sil neust de uie aulcun deffault

3054 3256 1423 117 Mais la partie du derriere blecee

3054 3363 1701 128 Ne peult plus estre conduite ne poussee

3044 3475 1551 128 Ains se renoue et en faillant se plie

3049 3587 1578 134 Plus na uertu qui ad ce luy supplie

3044 3694 1594 123 Ainsin estoit la nef lente et tardiue

3044 3817 1369 118 De Sergestus tenue a celle riue

3044 3919 1546 128 Ainsĩ alloit et ainsin se mouuoit

3049 4036 1739 118 Comme le pouure doulant feͬ le scauoit

3049 4149 1509 122 Et toutesfois feist il a sa nef uoille

3049 4261 1594 133 Ei de plain uent qͥ se mist en sa toille

3049 4373 1161 123 A lentree du port se reiecta

3054 4480 1530 118 Ou sa fortune trop dure regretta

3054 4587 1637 118 Et lors Enee luy feist part et offrande

3038 4694 1707 118 De ses beaulx dons en manie̾ asses grãde

3027 4812 1616 117 Aise et ioyeulx dont luy et ses consors

3054 4918 1723 172 Eurent passe sans dangier tieulx effors

1144 561 1546 155 Tout dor tissu et de soye pourprine

1144 689 1702 145 Ou fut portraict en euure moult ĩsigͤ

1160 812 1520 129 Lenffant real en frondeuse forest

1160 924 1696 129 Qui par son dart faisoit ioyeulx acq̃st

1144 1031 1659 139 De cerfz legiers et ꝑ cours leᷤᷤ poͬchasse

1155 1144 1707 133 Moult sembloit rude ⁊ asp̾ en celle chasse

1155 1256 1707 139 Si fut allors sans remede quelconques

1160 1374 1696 112 Pris et raui par les ongles adunques

1128 1475 1370 134 De larmigere aigle de Iupiter

1155 1582 1391 128 Et transporte dela forest en lair

1155 1694 1530 134 Ses custodes longeues y entendent

1155 1801 1733 123 Mais poͬ neant au ciel leͬ palmes tendẽt

1150 1914 1706 133 Et en uaĩ iappẽt et font lors cry greigneͬ

1155 2026 1712 134 Chiens et leuriers regretãt leur seigneͬ

1150 2144 1712 128 Pour second offre luy ẽuoia sans faille

1128 2256 1675 123 Une loriq̃ bastie en triple maille

1144 2363 1611 128 Toute dor traicte q̃ iadiz eut ostee

1155 2475 1402 123 Cil Eneas a ung dit demollee

1150 2582 1760 134 Qui deuant troye rudement combatoit

1139 2694 1701 139 Quãt la bataille des gregois y estoit.

1139 2812 1674 117 A Cloante ce beau chies deuure enuoye

1139 2924 1739 118 Pour que dicelle en armes se pouruoye

1091 3036 1717 129 Tant fut poisante si t̾sgrãde ⁊ si large

1139 3149 1642 117 Que ceulx qͥ ont comission et charge

1134 3256 1401 117 Dela porter cest sagare et phegee

1139 3357 1776 139 Aymassent myeulx quõq̃s ne fust forgee

1144 3480 1728 123 Cartrop leͬ poise si daultres nõt secours

1134 3598 1749 123 Iacoit pourtãt que par son legier cours

1123 3705 1487 117 Demoleꝰ pour lors uestu dicelle

1134 3817 1706 128 Feist aux troyẽs forte guerre et mortelle

1139 3924 1701 128 Pour le tiers don ⁊ poͬ les euures faictes

1144 4036 1691 134 Luy ẽuoya deux grans et beaulx lebetes

1144 4159 1611 112 De fin arain et deux cimbes dargent

1134 4261 1599 123 Dont louurier fut expert et diligent

1230 4373 1621 118 Ia furent toꝰ pourueux et guerdõnez

1123 4491 1733 123 Des beaux presens qui leur furẽt donnez

1139 4592 1658 129 Selon leur deu et selon leurs conq̃stes

1144 4705 1675 123 Roses uermeilles auoiẽt sur leurs testes

1139 4812 1637 122 Et chappeaux uers de bouqtz et de fleurs

1134 4918 1637 182 Faisãt entre cusx leͬ ioyes et faueurs
