5307 6416
2391 540 1717 155 Lung helinus laultre eut nõ Panopes

2380 668 1413 134 Familiers du uieulx roy acextes

2391 780 1781 134 Et plusieurs aultres mectẽt a courir cure

2386 892 1722 129 Les noms des quieulx delaisse ferme obͬ

2460 1010 1648 118 Lors Eneas leur dist a briefz lãgaiges

2386 1122 1647 123 Retenes or mes ditz en uoz couraiges

2391 1235 1369 117 Et esleuez uoz ioyeuses pancees

2391 1336 1755 128 Qui pour bien faire seront recõpances

2391 1448 1717 134 Nulz de ce nombre sãs don ne san iront

2391 1555 1653 123 Et ia de moy sans pris ne partiront

2391 1662 1717 139 Premier donrray poͬ ioyau biẽ duisant

2359 1780 1492 139 Deux espieux a fer cler et luisant

2391 1892 1669 123 Et une espee bien tranchant ⁊ garnye

2386 2005 1669 133 Dor et dargent ⁊ gentement fournye

2391 2117 1664 133 Se seul honneͬ sera a tous commun

2391 2229 1391 123 Et escondit ne sen ira pas ung

2386 2336 1717 123 Les trois p̾miers qui par course legiere

2396 2454 1712 117 Yront deuant auront part singuliere

2396 2566 1418 128 Leur chef sera aorne et couuert

2396 2673 1504 123 Poͬ le triumphe de bel oliuier uert

2369 2785 1718 123 Le myeulx courant et qui sera p̾mier

2386 2897 1744 123 Aura de moy ung beau ⁊ grãd coursier

2386 3010 1492 110 Bien phallere et le segond apres

2396 3133 1621 117 Qui du p̾mier sera uenu plus pres

2364 3234 1664 123 Aura pour pris pharetre amazonye

2391 3352 1252 112 De saiectes threicies garnye

2396 3464 1696 112 Et bauldrier dor large et plantureux

2391 3576 1599 118 Le tiers a pres le plus cheualureux

2396 3689 1701 117 La course faicte siluy plaist se ꝯtente

2375 3801 1733 112 Dune salade au faitz darmes diusante

2460 3908 1643 123 Quãt eust ce dit toꝰ p̾nẽt lieu ⁊ place

2380 4026 1626 117 Le signe ouy chacũ court et desplace

2391 4132 1717 129 Laissant la marche qui faicte leͬ estoit

2369 4255 1734 118 Tãt fut le nõbre deux espoix la endroit

2391 4352 1755 139 Que lon iugeast que fust pluye menue

2396 4475 1734 123 Et tous ensemble signẽt leur aduenue

2380 4576 1632 118 Le but final ou doibuent paruenir

2359 4694 1680 123 Tant ont desir dataindre et dy uenir

2384 4817 1708 112 Deuant toꝰ eulx commenca a paroistre

2396 4924 1696 166 Moult loing courir Nisus fort ⁊ adestre

497 534 1573 166 Si luy donna une captiue et serue

502 679 1696 128 Non ignorante le uray art de minerue

502 796 1573 139 Noble de nom fecunde en norriture

502 908 1659 118 Qui deux enfens portoit a sa saincture

556 1021 1262 117 Apres ce ieu et bataille finee

492 1128 1701 133 San ua Enee en ung champ graminee

497 1240 1444 134 Si bel et gent et si bien ordonne

497 1352 1712 112 Que de montaignes estoit enuironne

486 1459 1728 118 Et tout au tour fõt clousture et ẽsainte

476 1571 1679 123 Uertes forestz plaines de feille meinte

497 1678 1744 118 Droit au plain fons y auoit ung theatre

497 1791 1616 123 Et ung espace pour deduire et esbatre

502 1914 1375 112 Que nature par curieux office

481 2010 1658 123 Auoit basti sans nul aultre artifice

486 2127 1680 118 La vint le duc et au luy meĩtz miliers

486 2240 1637 117 De nobles hõmes et ardis cheualliers

502 2352 1584 118 La feist dresser ung siege et repousee

497 2459 1701 128 Pour mieulx iuger de leuure dispousee

492 2577 1663 112 Et lors conuie les couraiges et cueurs

492 2673 1733 128 Des assistans promectent aux uainqueͬ

486 2790 1830 129 Grans pris et dons et q̃ ceulx qui courroiẽt

502 2908 1643 112 Le plus legier Riche louyer auroient

497 3015 1771 123 Tous se ꝯuiẽnent en semble sãs demeure

492 3127 1589 118 Sycaniens et troyens a celle heure

492 3234 1701 129 Premiers sont prestz Nisus et Euriale

497 3341 1701 128 Deux urais cõ sors damoͬ franche ⁊ leale

492 3453 1589 123 Cil Euriale de forme insigne estoit

492 3566 1642 128 Uerte ieunesse son couraige incitoit

497 3689 1675 123 Nisus aussi pour lamour de lenfent

486 3796 1712 128 Pas ne fut loing car amoͬ luy deffent

486 3908 1375 123 Apres les suit Dyores egregie

492 4015 1326 128 Ne et yssu dela maison regie

486 4127 1579 123 De Priamus apres courir uoit on

481 4234 1707 128 Ung Salius et ung nomme Patron

492 4357 1573 118 Lung epirothe estoit par sa lignee

481 4464 1525 123 Laultre darcade et dela gent tegee

476 4571 1792 128 Apres ceulx courent deux beaux tinac̾ens

476 4689 1770 123 Ieunes et fors qui ne creignoient riens

502 4795 1783 129 La longue course car coustumiers estoiẽt

492 4908 1685 171 Chasser au betes qͥ es forestz hãtoient
