5307 6416
1160 556 1691 155 Si bien alloit que tant plus fut auãt

1155 689 1530 123 Legier estoit comme si se fust uent

1144 807 1744 117 Prochain de luy mais nõ de course esgale

1155 919 1637 134 Fut Salius par bien grand interuale

1160 1031 1413 129 Eurialus par apres fut le tiers

1166 1138 1685 123 Qui les passast sil eust peu uoluntiers

1171 1256 1632 134 Et apres luy feit helymus poursuite

1160 1368 1680 123 Qui de courir eut maniere assez duite

1166 1475 1578 118 De p̾s le suit dyores sans se feindre

1150 1582 1658 128 A pie legier qui tost le sceut ataindre

1155 1689 1653 144 Et sil eust eu despace ung petit mais

1134 1796 1754 128 Pour plus courir il neust ꝑdu iamais

1160 1919 1600 123 Le tiers hõneur aĩs eut lesse derriere

1160 2037 1600 123 Cil de deuant par sa course legiere

1160 2144 1675 128 Que diray plus ia formant aꝓpchoiẽt

1155 2261 1696 118 Du bout extreme et a la fin touchoient

1166 2368 1733 123 Quant lors Nisꝰ malheureux ⁊ doullãt

1160 2480 1605 129 Par deffortune tresbucha en allant

1160 2582 1643 128 Car la endroit poͬ excercer leurs festes

1160 2694 1680 129 Occis auoient par cy deuant des bestes

1139 2817 1739 129 Uaches et ueaulx dont le sang fut espars

1144 2924 1675 134 Par dessus lerbe plet en meintes pars

1144 3036 1595 123 Ce iuuencel ioyeulx et ia le maistre

1150 3149 1712 117 Se luy sembloit en course plus adextre

1150 3261 1680 128 Par grãd meschief passa en ce droit lieu

1160 3373 1739 123 Les pietz luy coullent ⁊ tũba au meilleu

1144 3480 1696 123 Dedans le sang en place ĩmũde ⁊ salle

1134 3598 1487 133 Pourtãt ne fut oblieux duriale

1144 3710 1627 118 Et de la mour q̃ tousiours eut a luy

1150 3817 1680 134 Alaudeuãt se meist pour faire ennuy

1150 3929 1647 134 A Galius aultrement sans ressource

1144 4042 1514 139 Ileut gaigne ⁊ le pris et la course

1150 4154 1567 144 Si larresta en sa plus forte alaine

1155 4266 1578 139 Et le feist cheoir dedãs lespesse araine

1155 4384 1450 117 Lors Euriale acoup oultrepassa

1150 4496 1546 112 Et toꝰ les aultres derriere luy laissa

1096 4598 1648 133 Uainqueur fut il et uĩt a laudessus

1150 4710 1524 118 Par le secours de son amy Nisus

1144 4817 1771 134 Lors uolle et saulte regardãt tout le mõde

1118 4934 1556 182 Puis Helinus faisant ioye seconde

3070 556 1632 149 Obtint le lieu apres luy sans deffault

3060 689 1519 123 Et Dyores qui apres court et sault

3070 807 1530 128 Cut tierce palme ⁊ la tierce uictoire

3070 919 1546 118 Car de courir feist euure meritoire

3070 1031 1718 118 Lors salius de ses clamours et plaintes

3070 1149 1728 118 De ses querelles et contentions meintes

3054 1251 1712 123 Remplit le lieu ou les uoians estoient

3076 1358 1669 117 Et les oreilles de ceulx qui escoutoient

3070 1470 1616 117 En requerant q̃ lhonneur pretendu

3038 1587 1530 113 Tollu par dol luy fut ores rendu

3060 1694 1653 134 Faueur cõmune garantist et deffend

3054 1807 1589 133 Pour Euriale le bel et ieune enffent

3060 1919 1690 123 Et ses lermes doulces et aduenantes

3065 2026 1744 134 Furent de tous trouuees bien plaisãtes

3054 2138 1487 139 Aussi uertu qui en luy flourissoit

3070 2250 1798 123 Dont meint beau mot a sa louãge y estoit

3076 2368 1637 128 Moult luy ualut sa fassõ et sa grace.

3065 2480 1610 118 Puis Dyores qui fut le tiers en place

3022 2587 1744 123 Pour auoir palme crioit hault ⁊ menu

3065 2694 1327 123 Quã uain seroit a ce loyer uenu

3054 2807 1530 133 Si Galius auoit gloire premiere

3076 2913 1722 134 Et quil obtint la part plus singuliere

3134 3026 1611 123 Lors dist Enee o ẽffens beaux et bons

3076 3138 1685 128 Croire pouez que certains sõt uoz dons

3070 3256 1611 117 Nul ne fera que par ordre ne donne

3081 3363 1573 128 Le chois et pris ou raison si adonne

3060 3475 1578 123 A moy affiert auoir pitie notable

3070 3592 1691 118 Du cas et sort de lamy non coulpable

3156 3699 1530 123 Quant il eut dit sãs feͬ pause nulle

3011 3806 1750 139 Il print la peau dung grãd lyongetule

3070 3929 1685 118 Dont tout le poil et les ongles sõt dor

3060 4036 1449 118 A Galius la donna pour tresor

3065 4143 1739 128 Lors dist Nisus si ceulx qͥ uaincus sont

3054 4261 1659 133 Si grand sallaire ⁊ si grãd loyer ont

3076 4373 1722 123 Et q̃ de moy qui suis cheu par fortune

3070 4485 1707 113 Pres de mon eur il ait pitie aulcune

3060 4587 1770 128 Quel don pourray asses digne obtenir

3076 4705 1562 117 Moy qui pouoye la couronne tenir

3065 4812 1642 117 Du lor premier et neusse failly mye

3070 4913 1702 182 Si souffert leust ma fortune ẽnemye
