5307 6416
449 459 1840 284 Ne me mande choses tant singulieres

561 721 1653 139 Par toy escriptes en feilles sy legieres

561 839 1696 128 Pour le uent qui tant tourne et uarie

534 946 1627 117 Ne les transporte et ne noꝰ contrarie

545 1034 1680 147 Mays de la bouche dy nous aꝑtement

529 1160 1691 139 Nostre aduenir ie ten pry humblemẽt

524 1261 1573 150 A tant meist fin eneas a son dire

529 1379 1610 134 Lors la prophete non refrenee dire

551 1491 1765 129 Dedans son antre tournoye ⁊ se demaine

556 1604 1557 122 Pour exciter le cueͬ et la poytraine

551 1700 1728 149 Du dieu phebus pour quil dye ⁊ reuelle

545 1828 1680 139 Lheͬ des troyans et cil de leur sequelle

540 1928 1642 141 Lors apres bruyt qui fut mẽne lyans

534 2042 1675 144 Les cent portes rompirent leurs lyans

540 2154 1664 134 Et de leur gre furent toutes ouuertes

524 2256 1776 177 Lors par layr furent dictes et descouuertes

529 2384 1584 123 Les responces et les diuins augures

518 2486 1835 149 Soubz diuers signes et soubz maĩtes figures

534 2603 1349 134 O eschape des grans marins perilz

513 2710 1610 129 Tourne orendroit tourne tes esperilz

524 2823 1797 133 Tropt plus griefz maulx en la terre tatẽdent

524 2935 1717 144 Les dardanides uiendront ou ilz pretendent

524 3052 1492 139 Cest ascauoir au royaulme lauine

502 3159 1439 134 Nan aye soing cest lẽtente diuine

518 3272 1514 128 Mays si tresmal ilz seront detenus

518 3373 1675 129 Que bien uouldroyent ny estre ia uenus

454 3475 1744 150 Ie uoy et sens batailles monlt horrendes

497 3587 1642 150 Et le tybre par my ses undes grandes

513 3694 1771 166 Toul plain de sang des gens mors ⁊ batus

497 3817 1658 155 Brief sy moys et le fleuue xanthus

492 3924 1583 144 Ne trouueras adire en telles noyses

486 4036 1776 198 Ne mays les tentes doriques et gregoyses

476 4149 1503 153 La est ia ne le segond achillays

502 4261 1643 150 Qui aura gens belliqueux a relays

497 4373 1610 145 Et mays iuno des troyans ẽnemys

492 4491 1712 139 En lieu qui soyt ne se esloingnera mye

497 4587 1664 160 Et lors toy humble en telle aduersite

497 4699 1430 157 Il ny aura gent peulple ne cyte

497 4817 1701 150 Es ytalies quau besoing ne requieres

497 4924 1707 182 Et des queulx tous aleance ne quieres

2444 475 1627 268 La seule cause de sy grande destresse

2460 732 1691 128 Se sera certes une segonde houstesse

2444 850 1793 133 Qui les troyans uouldra tous herberger

2439 957 1530 117 Et copule de thalame estrangier

2444 1053 1926 144 Mays toutesfoys quelque mal qui tassaille

2412 1176 1552 149 Ne quitte pas le lieu ne la bataille

2418 1299 1605 133 Ains plus hardy gette toy en auant

2450 1422 1460 107 Que fortune ne te dira souuant

2444 1513 1520 128 De ton salut la uoye et le compas

2391 1630 1701 129 Se que pourtant tu nymagines pas

2434 1737 1594 128 Te naist et uient de la cyte gregoyse

2418 1849 1712 123 Notte ses motz et que ton cueͬ les poyse

2450 1962 1674 117 Quant appollo eult tel response ditte

2444 2063 1579 134 De son profont et tenebreux aditte

2434 2181 1556 128 Lors la sybylle cumee luy expouse

2428 2299 1611 117 Par ambages meinte diuerse chose

2444 2406 1680 122 Et en cest antre mugist et sy reuolue

2434 2502 1851 144 Cchoses obscures quaux urayes elle inuolue

2428 2625 1600 128 Apollo certes sa uoix eguillonnoyt

2428 2726 1680 150 De sa pancee le frain il seul menoyt

2439 2855 1616 133 Quant la fureur delle fut apaysee

2434 2967 1674 139 Et queneas la treuue ung peu aysee

2434 3063 1605 150 De lescouter sy dist o doulce uierge

2423 3191 1685 134 Ma seule face de mon labeur consierge

2428 3309 1600 134 Certaynement iay conceu et apris

2423 3416 1728 118 Par cy deuant mon salaire ⁊ mon pris

2418 3523 1669 134 Et de mes paynes futures le passaige

2407 3630 1621 139 Iay debatu le tout en mon couraige

2364 3748 1819 133 Ung don requiers car on dit quẽ ce ual

2418 3860 1439 123 Est la porte du palays infernal

2418 3967 1551 139 Et le palus tenebreux dacheronte

2418 4084 1776 134 Qui par ses undes y reflue et surmonte

2418 4186 1899 144 Et pource doncques quil est besoing q̃ iaille

2402 4309 1899 134 Uoyer le myen pere et que point ie ny faille

2386 4421 1706 134 Ie te supply que le chemyn menseignes

2402 4533 1904 129 Et que des portes me monstres les enseygnes

2407 4640 1771 134 Quant troye fut desmolye et destruyte

2402 4763 2059 134 Pour quau myen pere la mort ne feist poursuyte

2402 4870 1701 144 Ie lamporte sur les espaules myennes

2396 4967 1717 192 Des feux diuers et des flãmes troyẽnes
