5311 6421
1135 460 1702 289 Et le sauluay dugrief de mile dars

1156 711 1777 155 Et du meillieu des poursuyuãs souldars

1151 840 1729 149 Las il despuis sy me feist compaygnie

1156 946 1761 150 Par meĩtes mers auecq̃s ma mesgnye

1161 1059 1499 128 Et sy portoit du ciel et de la mer

1124 1171 1922 145 Maintes menasses et mainst labeur amer

1145 1289 1531 139 Il inualide oultre le sort et force

1177 1391 1751 139 De uieullesse sans craindre nulle trosse

1156 1503 1777 145 Ains me donnoit expres cõmãdemant

1167 1615 1756 145 Que deuers toy me tyrasse hũblemant

1172 1733 1767 139 Et pource doncques pyteuse dame ⁊ saĩte

1172 1840 1606 145 Du pere et filz escoute la complainte

1156 1953 1504 133 Tu peulz le tout heccate la deesse

1140 2060 1552 165 Ne ta en uain donne la hardiesse

1151 2172 1702 155 Ne la conduite par les auernes boys

1151 2290 1659 139 Sy orpheus a bien peu quelque foys

1172 2386 1761 166 Les infernaulx manes a luy obstraĩdre

1188 2504 1740 155 Pour sa femme deliurer et attaindre

1177 2616 1703 150 Iouant de herpe thraycie et de corde

1193 2723 1794 166 Ou de musique la grand douleͬ saccorde

1193 2846 1360 155 Et sy pollus son frere rachetta

1199 2969 1547 123 De mort alterne et au luy se getta

1183 3076 1563 145 Ded le ciel en astres lumineuses

1204 3173 1778 160 Ou ilz cheminent en uoyes plãtureuses

1188 3306 1585 118 Aquoy yray ie thesee memorant

1193 3397 1730 150 Et mays alcide et tout le demeurãt

1204 3526 1596 128 De iupiter qui ont pris origine

1204 3622 1869 155 Et moy cõme eulx iacoye q̃ nẽ suis digne

1209 3740 1762 150 En tel maniere prioyt et requeroyt

1215 3847 1788 160 Et des aultiers au plus pres demouroyt

1199 3964 1713 156 Lors la prophete qui sa pitie regarde

1193 4071 1644 150 Luy print a dire o tros anchisiade

1204 4179 1772 171 Yssu des dieux entens ma uoix utile

1209 4296 1858 150 Certes la uoye dauerne est monlt facile

1215 4414 1809 166 Par nuytz et iours est ouuerte ⁊ patẽte

1220 4532 1537 149 Du noyr dytis la porte uiolante

1220 4649 1703 134 Mays reuoquer le souuerain degre

1231 4751 1686 145 Checum ne peult cela fere a son gre

1226 4853 1681 155 Et deuader es mancions celestes

1209 4954 1762 198 La sont certes de tous labeurs les restes

3062 497 1467 246 Peu en ya bien aymes et cheris

3078 711 1440 134 De iupiter et qui ayent meris

3083 818 1687 155 Estre esleues par uertu haulte et clere

3067 941 1639 145 La sus au ciel et au luysant ethere

3083 1048 1799 150 Ceulx qui furent engendres par les dieux

3073 1166 1691 139 Ont peu se faire et ateindre ses lieux

3003 1268 1628 149 Silues et uoys occupent celle plaine

3089 1385 1724 118 Enuironnee de cocythe ou leau plaine

3083 1482 1863 144 De noyre horreur les ẽuirõs arrouse

3083 1589 1762 150 Dont peͬ engendre sy tenebreuse chouse

3083 1712 1521 144 Mays sy tu as lamour et le desir

3030 1813 1681 161 Sy grand et tel de praindre le loysir

3083 1931 1756 155 Passer deux foys en grans solicitudes

3078 2038 1783 161 Les lacz stygyes et infernaulx paludes

3089 2151 1788 144 Et que tu ueulles pardonner au labeur

3083 2263 1740 150 Sy tresextresme par fermete de cueur

3089 2375 1809 145 Prens et retiens pour au tout satisfaire

3099 2488 1655 144 Ce que premier il te cõuient a faire

3094 2595 1745 144 En la forest prochaine obscure ⁊ noyre

3099 2686 1896 165 Dedans ung arbre monlt digne de mẽoire

3105 2805 1718 154 Est ung rameau tout dor hãte et pris

3094 2926 1510 150 Doulx et flexible dedye et compris

3078 3033 1713 156 A proserpine la princesse infernale

3083 3146 1746 144 Branches et feulles de la forest totale

3099 3242 1917 171 Yceluy cueuurent et doulx umbre luy font

3083 3371 1601 144 Les ualees qui tout a lentour sont

3099 3472 1794 155 Imposible est que nul la dessoubz entre

3121 3585 1756 160 En celle terre et soubz se diuers centre

3131 3708 1799 128 Sans que premier on ayt pris ⁊ cuylly

3164 3809 1172 81 Se rameau dor et le fruit recueilli

3105 3845 1555 136 Proserpine qui es enfers habite

3110 3916 1954 172 Ueult quon luy porte ce beau don poͬ merite

3110 4029 1729 166 De la cuyllir doubter certes nefault

3083 4136 1928 176 Tousiours renaist et iamaiz ne deffault

3110 4253 1804 166 Uerge paraille et de metal semblable

3126 4366 1542 171 Dedans florist et est inseparable

3131 4460 1901 189 Enquiers toy doncques et cõduys sagemẽt

3099 4601 1724 155 Ton oeil ꝑ tout sans errer nullement

3121 4708 1702 161 Pour q̃ ta main cuyllir agre le puisse

3126 4810 1783 166 Mays que tu layes trouue sans aulcũn uice

3131 4922 1762 193 Car sy les dieux ⁊ sors fataulx ꝑmettent
