5307 6416
540 454 1792 283 Qua le cuyllir tes doulces mains se mettẽt

524 711 1722 160 Facile et doulx tousiours le trouueras

540 850 1514 117 Et te suyura certes ou tu yras

513 946 1824 139 Aultrement non car par glayue ne force

508 1053 1583 144 Ne le pourras tyrer de son escorsse

529 1170 1712 145 Ausfort pourtant et tu ne le scays pas

513 1293 1771 129 Ung amy tien par ung mortel trespas

540 1395 1696 139 Est desfailly et gist son corps sans uye

524 1507 1642 123 Labas au port qui a deul te conuye

545 1614 1659 144 Celuy macule ta nauire pour uoyr

534 1721 1664 139 Lors que tu ueulx nr̃e conseil auoyr

551 1839 1738 128 Or est besoing que premiere le rapportes

529 1951 1669 128 En ses sieges ⁊ que tu le transportes

497 2047 1723 155 Soubz sepulture ⁊ poͬ les siẽnes gloyres

524 2165 1760 150 Honneͬ luy faces daulcunes bestes noyres

545 2288 1696 134 Tyeulx piacules premieremẽt prẽdras

534 2406 1670 122 Lors a ton sort heureux tu ꝑuiendras

529 2507 1519 123 Ainsy uerras en seurte et en ioye

534 2603 1734 150 Les boys stigies et reaulmes sans uoye

508 2726 1642 134 Atant se teist ⁊ sy ferme sa bouche

534 2828 1696 150 Sans que plus lors de la chose elle touche

508 2946 1706 139 Le duc enee monlt doulãt et piteulx

492 3052 1765 123 Bayssant la ueuee cõe triste ⁊ honteux

524 3154 1685 139 De la se part layssant la roche creuse

513 3277 1659 139 Rememorant la chose sy doubteuse

534 3384 1654 150 Dedans son cueͬ et de pres le suyuoit

524 3496 1819 139 Son accatez qui soing maindre nauoit

508 3619 1819 118 Mainte parole entre eulx lors diuisoyẽt

534 3710 1734 155 En cheminãt et souuãt propousoyẽt

534 3849 1712 128 Qui pouoyt estre celuy mort ⁊ trãsy

534 3961 1702 129 De leurs consors que la ꝓphete ainsy

529 4068 1808 134 Leur auoyt dit et quel corps sãs rõpture

534 4175 1787 139 Elle entendoit quon meist en sepl̾ture

534 4288 1745 139 Et tant allerent en suyuãt se lãgayge

524 4400 1829 128 Quilz ueyrent mort dedãs le sec riuaige

540 4512 1615 128 Celuy mysene par mort indigne occis

518 4624 1750 139 Nul plus de luy fust expert ou rassis

529 4737 1814 128 En fait de guerre mettre ordre ⁊ grãd police

518 4844 1734 128 Entre gẽs darmes tant fust saige ⁊ ꝓpice

518 4945 1755 182 Et bien scauoyt par trompette ⁊ bussine

2423 465 1733 283 Faire renger les souldars a son sygne

2450 721 1428 134 Celuy auoit este familier

2439 828 1551 139 Du grand hector et de luy ralier

2428 941 1867 144 Bien se uouloit en meinte aspre bataille

2439 1053 1519 139 Hardy fut il et de robuste taille

2450 1176 1749 123 Et au besoing uoulentiers se trouuoit

2439 1283 1701 139 Au fiere espee ses forces esprouuoit

2439 1400 1621 129 Et quant Hector fut despoille de uye

2428 1507 1632 139 Par achilles cil mysene eut ẽuye

2428 1614 1616 134 Aux eneas se ioindre et se retrayre

2439 1721 1733 139 Dont mandre loz na deu poͬtãt attrayre

2450 1844 1417 128 Et auec luy par la mer sen alla

2439 1930 1632 155 Quãt le pouer des gretz troye euella

2434 2063 1712 134 Mays mal luy print certes a ceste foys

2439 2176 1616 139 Car en sa trompe il entonna sa uoix

2444 2288 1755 123 Cuydant les dieux marins fere deduyre

2444 2395 1669 123 Et par tel son a combat les induyre

2439 2502 1530 139 Allors treton sy le croyre est licite

2439 2581 1723 172 Trop ẽuieulx dont cil les dieux incite

2444 2737 1573 123 Entre rochiers le print et lẽuoya

2439 2833 1691 139 Et soubz les undes spumeuses le noya

2434 2951 1776 150 Pour celle cause les troyens gemyssoyent

2444 3042 1750 166 Et par clameͬ trop grande fremyssoyent

2439 3186 1664 118 Entre aultres plus eneas le pyteux

2434 3282 1717 139 Sy sapresterent en lermoyant toꝰ eulx

2439 3395 1626 139 De mettre afin lentente de sybille

2444 3512 1755 134 Et propouserent par moyen plus utile

2434 3619 1722 139 Hault esleuer le sepulchre et laultier

2444 3742 1739 118 Et y pouser meint gros arbre ⁊ entier

2434 3849 1696 128 Ainsin san uont en la forest antique

2444 3951 1723 139 Ou meĩte beste monlt siluestre ⁊ lubriq̃

2412 4079 1739 123 Leans habite ⁊ y sont leurs mannoyrs

2434 4165 1786 149 Dedans buyssons tresobscurs et bñ noyrs

2396 4282 1942 139 Par terre ruent les haultz pins ⁊ les chesnes

2369 4394 1980 139 Au leurs cõgnees ⁊ meintz uerdoyãs fresnes

2434 4507 1754 139 Et a grãs coings les depessent et fendent

2439 4619 1717 144 Et des montaignes les gettẽt ⁊ descẽdẽt

2402 4747 1556 123 Pas ne failloit enee a ce mestier

2434 4844 1653 123 Ains sy monstroit curieux le p̾mier

2375 4940 1669 198 Ses gens cõuye ⁊ au fait les exhorte
