5307 6416
588 427 1717 219 Robes pourprines sus gettent et impousent

625 641 1595 134 Et couuertures dont aultresfoys usoit

615 753 1455 139 Lune partye diceulx ainsy faysoit

625 866 1525 144 Triste mystere alentour du pheretre

609 973 1707 149 Les plus prochains se uouloyent ẽtremettre

625 1096 1584 128 Selon leurs meurs les torches alumer

604 1203 1557 139 Aultres faysoyent bruler et cõsumer

615 1325 1573 123 Les dons thurees uiandes et cratheres

599 1432 1599 129 Auec oliue esparsse a tieulx mysteres

625 1526 1616 142 Quãt tout cela fut conuerty en cendre

625 1646 1739 139 Et q̃ la flãme nesceut plus ou surprãdre

551 1753 1583 150 Auecques uin les reliques lauerent

620 1871 1610 144 Et la fauille bybule quilz trouuerent

620 1983 1412 144 Chorineus tous les otz amassa

615 2074 1578 155 En pot darain les meist ⁊ enchassa

599 2213 1599 128 Puis aspergea deau toute pure ⁊ clere

615 2325 1380 123 Les assistans de rousee legiere

615 2427 1680 134 Au ung rameau dolyuier abre heureulx

620 2545 1418 122 Et circuit auironna entre eulx

620 2651 1493 118 Disant la dieu et parolles finales

625 2758 1675 129 Cõme on faysoit en enuers funeralles

615 2876 1690 144 Puis eneas luy feist faire ung tõbeau

609 2983 1686 157 Soubz grãde pierre monlt sũptie̽  ⁊ beau

604 3111 1717 129 Et dessus meist ses armes sa trompette

620 3204 1359 148 Ses auirons cõe affiert ⁊ compette

599 3325 1722 144 Pres dung hault mont asses de grãd renõ

620 3443 1471 133 Qui mysene de luy ha pris le nom

604 3544 1664 145 Et iusqua ahuy chacun ainsin lapelle

620 3651 1600 150 Dont la memoyre en sera immortelle

620 3774 1659 139 Quant tout fut fait enee promptemẽt

561 3881 1562 139 Ueult de sybille fere lenhortement

572 3988 1637 150 Une spelũque tresgrande sans mesure

599 4116 1728 134 Profunde ⁊ ample ⁊ de large ouuerture

615 4213 1733 144 Fut la aupres monlt scrupee ⁊ pierreuse

609 4325 1744 150 Dung lac tresnoyr seure ⁊ auãtageuse

615 4443 1685 123 Et des tenebres de meint abres diuers

604 4550 1712 139 Tous umbrageux obscurs nõ mye uers

620 4667 1707 128 Et sur ycelle les oyseaulx qui uoloyent

593 4769 1776 144 Tũboyent mors quãt ꝑmy layr aloyent

556 4870 1830 198 Tant fut le flayr qui de la gueulle yssoit

2503 379 1621 305 Hort et puãt que tout layr hõnyssoyt

2503 652 1568 139 Ceulx du pays uoyant celle cauerne

2503 775 1632 117 La nõmerent par nõ antique auerne

2498 871 1434 139 En ce droit lieu sybille constitue

2509 989 1647 139 Quattre iuuẽques noyres et sy les tue

2509 1101 1717 144 En fundant uin par dessus sur leur chief

2509 1224 1631 128 Prenãt le poil et la layne sans grief

2514 1331 1723 128 Quentre leurs cornes ilz eurent de nature

2509 1438 1578 139 Au feu sacre les getent par droicture

2519 1561 1536 133 Pour sacriffice ⁊ premier libamine

2514 1651 1316 145 En reclamãt heccate la diuine

2487 1769 1541 139 Ayant pouer en herebe ⁊ aux cieulx

2487 1892 1910 129 Aucuns simpousent cousteaulx ⁊ diuers lieux

2493 1987 1706 135 Aultres recoyuẽt le sang chault et tepide

2514 2101 1605 139 Dedans patheres cõe rayson les guyde

2514 2208 1209 139 Et eneas au son espee fiert

2482 2320 1706 155 Une agne noyre ainsin cõe il affiert

2484 2443 1389 153 A la mere des filles Enmenydes

2519 2550 1471 123 Et a sa seur la terre pour subcides

2487 2662 1552 139 A proserpine occist il bien instruyt

2487 2780 1541 128 Une uache lors sterile et sans fruyt

2525 2887 1588 139 Puis cõmansa ⁊ feist au roy stigye

2519 3015 1557 128 Nocturnes ares en forme bien regye

2525 3106 1867 160 Dessus ycelles il meist en feux nouueaulx

2509 3245 1711 128 Les antrailles de meint occis thoreaulx

2514 3347 1765 128 Et les arrouse duylle pingue ⁊ monlt grasse

2514 3459 1680 133 Pour obtenir des dieux requis la grace

2525 3571 1621 128 En cest affaire ⁊ soingneux apparail

2525 3678 1540 139 Que la lumiere du primerain soleil

2530 3790 1653 139 Iour amenoyt par sa clere nayssance

2514 3908 1706 123 Lors tous ouyrent par cõmune audiãce

2514 4010 1803 139 Dessoubz leurs pietz terre mugir ⁊ brayre

2514 4125 1851 136 Haultes mõtaygnes se mouuoyr ⁊ retrayre

2525 4239 1642 113 Et sy ueirent uller par ce noyr umbre

2530 4346 1814 123 Chiens monlt doubteux ⁊ de diuers ẽcõbre

2530 4459 1594 123 Quãt la deesse des enfers tenebreux

2519 4560 1739 139 Marcher cõmansse ⁊ cheminer entre eulx

2498 4672 1706 140 Lors la prophete a haulte uoix cõclame

2509 4795 1717 134 Uuydes ꝓphanes quil ne demeure ame

2487 4908 1621 176 Alles au loing ysses hors de ce boys
