5311 6421
1172 433 1638 225 Estoit tumbe par cas triste et amer

1199 631 1745 139 De la nef haulte au profont de la mer

1188 743 1858 145 Quãt eneas cõbien que monlt apaine

1183 872 1863 133 Le peult congnoistre en umbre si soudaine

1188 979 1515 139 A luy premier sa parolle adressa

1193 1096 1499 129 O palynure amy aprouche sa

1188 1198 1558 145 Lequel des dieux dy le moy ie te prie

1161 1310 1312 145 Ta separe de nr̃e compaygnie

1204 1434 1815 123 Et pour quel cause ta fait en mer noyer

1183 1541 1627 133 Ueu que iamaiz ne te uy foruoyer

1193 1642 1896 150 Onques en toy ne cõgneu faulte ou blasme

1199 1744 1718 155 Poͬ q̃ ainsy deust acoup perir ton ame

1183 1878 1622 133 Apollo certes ꝑ qui iay du tout sceu

1199 1979 1424 145 Mon aduenir ma en cecy deceu

1204 2102 1810 134 Car il me dist q̃ en mer nul mal nauoyes

1209 2215 1564 134 Et q̃ au pays dytalye uyendroyes

1215 2316 1494 140 Est ce doncq̃z la seure ⁊ uoͬye foy

1209 2439 1532 124 Quil eust ꝓmist et ottroye a moy

1167 2536 1740 144 Cil luy respond o duc noble ⁊ insigne

1209 2659 1682 139 Deceu ne te ha de phebz la courtine

1161 2761 1735 144 Ia ne ma fait aulcũ des dieux perir

1209 2884 1596 139 Dedans la mer et en elle mourir

1177 2996 1863 150 May seul meschief car quãt ie gouu̾noye

1167 3124 1873 129 Noz cours marins ⁊ que garde prenoye

1177 3231 1863 129 Aulx aultres cleres ie qui apuye fuz

1172 3338 1868 129 Au gouuernail tout trouble et cõffuz

1193 3445 1708 134 Pour ung soudain tẽpestue̽ orage

1193 3552 1896 129 Feiz lors ma choitte ⁊ mon mortel dõmaige

1199 3670 1606 134 En mer ie cheu ⁊ au moy ẽportay

1183 3772 1761 155 Le gouuernail du quel me supportay

1204 3895 1729 144 Et sy te iure ꝑ la mer aspre ⁊ rude

1226 4013 1622 133 Que tãt neu peͬ et de sollicitude

1220 4109 1708 150 De ma ꝑsonne tel naufrage ẽdurãt

1209 4237 1655 129 Que ieu certes allors considerant

1199 4344 1740 129 Ta nef ainssin despourueue de maistre

1193 4457 1762 134 Et despoillee de gouuernail a destre

1209 4558 1730 140 Cͬaignãt q̃ mer la deust tost assaillir

1193 4681 1896 134 Et qua tieulx undes pourroye a coup faillir

1167 4778 1568 150 Le uent nothus uiolãt ⁊ mobile

1188 4896 1745 197 Troys nuys ẽtieres ꝑ la mer uolubile

3073 363 1611 279 Me chayria ⁊ et quatriesme iour

3073 615 1649 160 Hault esleue sur lunde sans seiour

3094 759 1590 118 En tel trauail peur ⁊ melencolye

3094 861 1365 144 Ie ueiz a loeil le pays dytalye

3083 968 1548 150 Tout peu a peu a la terre uenoye

3083 1075 1644 155 Et ia pie ferme ⁊ lieu seur ie tenoye

2950 1198 1675 164 De Tout peril se sembloit euade

3040 1294 1794 177 Sy gent cruelle ne meust lors inuade

3083 1428 1692 134 Par fer ⁊ glayue qui agraue estoye

3083 1530 1692 134 Pour la robe playne deau q̃ portoye

3121 1642 1670 145 Souuãt cuydoye les rochiers arraper

3083 1755 1676 144 Au main adũque esperant eschaper

3089 1862 1745 144 Mays celle gent grace point ne ottroye

3089 1974 1681 144 Cuydant q̃ fusse une nouuelle proye

3073 2092 1686 139 Ainssin par eulx fus mort ⁊ descõfit

3078 2193 1751 156 A peu dacquest ⁊ a maindre proufit

3083 2306 1772 150 Or ma la mer ⁊ hores mon corps uerssẽt

3078 2423 1777 150 Les uens legiers qͥ en la mer trauerssent

3073 2541 1429 145 Sy te requier ꝑ la lueͬ prospere

3094 2659 1681 134 Dayer ⁊ du ciel ⁊ mays ꝑ le tyen pere

3094 2755 1740 166 Par lesperance dascanie croyssant

3099 2878 1730 139 Que me deliures de ce mal sy pressãt

3078 2996 1815 134 Ou poͬ le moins queuure mõ corps de t̾re

3078 3114 1654 133 Affin q̃ iaye quelq̃ repos pour erre

3078 3215 1777 145 Car tu le peultz mays q̃ pytie tẽclines

3078 3338 1799 129 Nouuelle auras de moy es portz uelines

3078 3451 1767 128 Ou sy tu peulz trouuer moyen ⁊ uoye

3137 3558 1569 118 Da laquelle ta mere noꝰ pouruoye

3083 3654 1842 145 Car pas ne croy q̃ sans diuin numine

3094 3772 1751 139 Pres de tel fleuue ta ꝑsonne chemyne

3078 3890 1772 139 Ne q̃ tu puysses la stigye palude

2982 3986 1922 160 Nayger sans dieu par grãt solicitude

3008 4109 1810 131 Baille la main a moy pouure chetif

3089 4221 1408 150 Et du ꝑtir ne soye tant hatif

3089 4339 1922 134 Quauecq̃z toy tout p̾mier ne me meynes

3046 4451 1906 140 Affin au moins q̃ en paysibles demaynes

3078 4574 1606 118 Apres ma mort a repos ie demeure

3126 4665 1788 140 En plaisans sieges ou ie face demeure

3083 4778 1687 155 Tout se disoyt quãt la saincte ꝓphete

3067 4896 1687 165 Reprint ses motz en parolle discrete
