5311 6421
1092 438 1488 262 Incontinãt la fureur amassee

1172 652 1579 161 Dedans le cueͬ de charon fut passee

1172 775 1697 150 Et sãs plus dire mays toͭ a la bãdon

1151 888 1616 160 Louant prisant le uenerable don

1172 1016 1622 134 De la uerge fatale tant pourueue

1172 1118 1751 144 Que de long temps ꝑ auãt nauoit ueue

1161 1230 1564 155 Sa nef destourne ⁊ laꝓche du bort

1156 1348 1462 139 Poͬ q̃ eneas y entre sans effort

1172 1450 1692 149 Sy feist yssir les ames qui estoyent

1177 1562 1505 144 Dedans sa nef et qͥ leans seoyent

1151 1653 1750 176 La place uuyde ⁊ le uesseau descharge

1177 1776 1778 166 Pour que le lieu soit plꝯ ãple ⁊ plꝯ large

1193 1910 1607 128 Et lors Receut enee en doubce paix

1193 2017 1671 150 Dedans sa cymbe qͥ cria soubz le faix

1177 2113 1772 171 Et par les Rymes de la nef pondereuse

1199 2247 1681 139 Entra dedans meĩte eau lymõneuse

1199 2349 1456 155 Fimablemẽt sy tresbien sauãca

1215 2450 1799 166 Que oultre le fleuue sainemẽt les passa

1204 2573 1708 166 Et puys le meist aterre sur les herbes

1215 2686 1724 176 De iong espoix et sur lymons acerbes

1193 2787 1596 182 Le grand cerbere en celle regyon

1215 2932 1526 150 Glapist et crye et sa contagion

1209 3028 1815 161 Est sy extresme q̃ quãt mugist ou iappe

1204 3135 1778 161 Par troys guelles sõ glapismẽt eschape

1220 3247 1708 156 Cy gist couche en fosse creuse ⁊ grãde

1199 3360 1686 160 Tout affame corps deuorer demãde

1204 3472 1831 150 Quãt la ꝓphete ueist esmouuoir ses leuures

1209 3579 1826 161 Son coul dresser toͭ rẽply de couleuures

1199 3692 1724 165 Elle luy gette prõptemẽt une souppe

1215 3815 1686 133 Emmyelee qui de sõmeil lassouppe

1188 3906 1778 182 Il ses troys gueulles affamees ouurãt

1220 4029 1713 166 Celle uiande tost trãsgloutist ⁊ prãt

1220 4162 1622 145 Et quãt il eust deuoree ⁊ mengee

1220 4264 1762 161 Sa grand fureͬ fut en dormir changee

1188 4366 1799 171 Lors ses grans mẽbres ⁊ ses larges costez

1204 4483 1756 161 A terre gysent peu crains ⁊ redoubtez

1215 4601 1740 166 Dedans son ãtre sestand ⁊ se tournoye

1193 4719 1767 144 Tout plain de sompne qͥ sa malice noye

1231 4831 1718 150 Dont tout a coup enee occupe ⁊ passe

1209 4928 1757 198 Lentree dure sãs craĩte ⁊ sãs menasse

3057 374 1295 305 Car le custode estoyt ensseuely

3062 631 1408 176 En tel Repos quil le tint amoly

3051 738 1569 182 Ainsy euade par legierte notable

3024 856 1473 171 Le ryuaige de lũde yrremeable

3057 968 1697 171 Tantost apres au premier introite

3030 1075 1499 187 Leans ouyrent en silence subite

3067 1182 1681 182 Diuersses uoix ⁊ grãs gemissemens

3051 1294 1783 188 Lermoyans ames pleurs ⁊ vagyssemẽs

3062 1417 1815 166 Denfans petis q̃ mort qui tout desuye

3040 1519 1703 166 Auoyt priuez par sort de doulce uye

3062 1632 1751 176 Et que iour triste tenebreux ⁊ rebelle

3019 1749 1740 155 Auoyt Rauys au pres de la mẽmelle

3030 1862 1724 165 Iouxte ceulx la sont mys ⁊ ordonnes

3067 1979 1687 172 Ceulx qui a tort ont este cõdãpnes

3067 2086 1713 182 Et pas ne sont sans sort ⁊ sãs iustice

3057 2220 1627 155 Ses sieges la et sans iuge propice

3067 2332 1735 145 La est mynos enquesteur taciturne

3051 2423 1906 166 Qui par mesure cõduyt ⁊ meult sõ urne

3083 2541 1585 166 Cil appelle le conseil et senquiert

3083 2643 1697 166 Des maulx ⁊ crimes cõe le cas reqͥert

3067 2766 1676 155 Les lieux ꝓchains apres sõt occupes

3083 2868 1853 181 ꝑ ceulx qui ont leurs tristes joͬs couppez

3073 2991 1697 165 Qui ꝑ main ꝓpre a leͬ ꝑsõne hõteuse

3083 3108 1714 156 Ont engendre mort innomminieuse

3083 3215 1665 166 Et la luĩere du mõde ont tant hay

3094 3322 1729 172 Que leur corps ꝓpre ont certes ẽuahy

3094 3435 1831 166 Et chasse hors leurs malheureuses ames

3094 3536 1810 172 Dont trop meritẽt grãs reꝓches ⁊ blasmes

3089 3643 1825 182 Las bñ uouldroyent au mõde or estre ce̽

3057 3766 1772 161 Uiuãs ẽcor en labeur angoysseux

3089 3884 1756 161 Mays le fatal et les droitz de nature

3099 4013 1408 133 Ostent cella atoute creature

3099 4093 1489 187 Et le palus de lyrremeable unde

3083 4211 1633 171 Les pryue et lye desperance seconde

3099 4334 1794 171 Et stix mesmes qui a son cours espars

3105 4451 1542 156 Et diuise la dedans en neuf pars

3073 4548 1852 182 Tant les abstrainct ⁊ tãt les tyẽt en serre

3094 4671 1826 150 Quil nont plus loy de Retourner sur t̾re

2982 4788 1675 161 Non loing de la en pays spacieulx

3089 4890 1718 193 Larges ⁊ amples sõt situez les lieux
