5307 6416
572 395 1562 273 A toy longeue roy sert le nourira

599 641 1535 134 Et aux forestz craintiue sen yra

599 748 1519 134 De celuy certes yssira geniture

604 876 1637 123 De nostre nom ⁊ de nostre nature

604 983 1680 129 Qui ꝑ longs iours aura auctorite

599 1090 1401 123 Et seigneurie en albe la cyte

599 1203 1680 122 Prochain de luy ⁊ digne de meoire

593 1309 1637 134 Est procas la louenge ⁊ la gloyre

604 1432 1664 118 Du nom troyen et par apres capys

599 1534 1733 139 Puys munitor de grand honneͬ tapis

599 1652 1428 123 Et puys aussi eneas siluius

599 1764 1610 123 Qui portera les noms q̃ tu as euz

593 1851 1605 154 Qui cõe toy sera noble ⁊ insigne

593 1978 1686 133 De grand pitie ⁊ de prouesse digne

508 2095 1712 129 Sy dieu pmet q̃ dedans albe regne

583 2197 1685 139 Et que le peuple ⁊ le pays gouu̾ne

508 2304 1792 134 Uoy ⁊ regarde q̃lles forces ceux mõstrẽt

577 2416 1771 134 Qͬ leurs testes de ciuil chesne acoustrẽt

577 2534 1637 123 Et ont courõnes de feille pacifique

529 2635 1659 134 Signifians leur prouesse bellique

534 2748 1686 133 ꝑ ceulx sera meĩte cyte construyte

567 2855 1877 123 Poux les tyens hoyrs qͥ de toy aurõt suyte

583 2972 1765 118 Cest ascauoir gabye ⁊ mays nomente

567 3079 1674 139 Sydeue aussi uille forte ⁊ puissante

567 3197 1797 133 Ceulx sur les mons quõ appelle latines

561 3304 1578 117 Feront les tours ⁊ arces collatines

567 3411 1551 133 Et pometie et le chasteau iuuy

534 3518 1739 144 Nole ⁊ mays core le toͭ ꝑ eulx pleuuy

561 3625 1883 149 Tyeulx noms aurõt soit en pair ou ẽgueͬr

561 3742 1632 134 Iacoyt hores q̃ sãs nõ sont ses terres

567 3854 1540 139 Et p apres romulꝰ belligueulx

556 3967 1460 123 Sassocira et ioindra auec eulx

540 4063 1749 144 Sans qua son oncle numitor cõtrarie

529 4186 1691 139 Ains le fera cõmun en seigneurie

551 4293 1540 144 Et il du sang dassaracus uenu

540 4416 1508 123 Sera nourry et cher entretenu

551 4523 1407 123 P il ya sa mere doulce et belle

556 4624 1717 139 Contre fortune malueillãte ⁊ rebelle

502 4731 1552 150 Ne uy tu pas q̃ cila doulle creste

545 4844 1717 203 Dessus son heaulme ⁊ glorieuse teste

2476 411 1739 284 Et q̃ son pere le dieu mars luy prepare

2482 652 1637 155 Honneͬ diuin dont le flucist ⁊ pare

2476 775 1846 144 Certes monfilz le grãdheur de cest hõme

2466 876 1578 161 Multiplira en celle inclite rõme

2476 994 1536 150 Tant ⁊ si fort q̃ lempire dicelle

2471 1101 1744 155 Ressortira sans que iamaiz chãcelle

2476 1219 1680 144 Par toute terre ⁊ aux extremites

2471 1325 1792 150 Et tant seront les gras cueurs incites

2471 1438 1616 144 Adignes faitz de ce̽ de sa pourprise

2471 1550 1675 139 Que iusq̃z au ciel on en fera diuise

2466 1668 1680 123 Ycelle rome en ses muts cõprandra

2434 1769 1915 134 Sept arces fortes ⁊ sept mons en saindra

2471 1882 1835 139 Tant sera elle monlt heureuse nourice

2471 1983 1771 139 De hõmes louables u̾tueulx ⁊ sãs uice

2471 2095 1691 139 Cõe la mere des dieux berecynthie

2476 2208 1621 133 Quide courõne turrite est assortye

2476 2315 1675 144 Et en son curre doulcemẽt exhortee

2471 2432 1584 139 Par les cytes phrigyes est portee

2460 2545 1718 139 Ayse et ioyeuse de son fecunde part

2466 2657 1829 133 Et du doulx lect quaux petis die̽ depart

2471 2758 1733 145 Cent syẽs nepue̽ elle bayse ⁊ ẽbrasse

2466 2876 1583 139 Tous celicoles tenãs celeste place

2471 2994 1707 133 Or gette a pres ton regart ⁊ ta ueue

2455 3101 1792 139 Sur ceste gent de tout hõneͬ pourueue

2450 3218 1658 129 Uoy tes romains car ycy certes est

2482 3330 1674 123 Celuy cesar ton glorieulx acquest

2471 3432 1584 128 Et la lignee de ton beau filz yule

2466 3534 1781 133 Toute diuine ⁊ qui sans faulte nulle

2471 3651 1616 129 Uiẽdra apres desoubz laxe celeste

2466 3753 1829 150 Cest celuy hõme layssãt daultre la reste

2460 3887 1680 117 Que si souuãt lon tadit ⁊ promys

2471 3993 1696 129 Cesaͬ auguste de qͥ dieux sõt amys

2466 4100 1647 134 Cil bastyra syecles dor en son aige

2455 4207 1792 145 Cõme saturne quãt iltynt leritaige

2460 4314 1648 139 De soubz sa main ⁊ le regne iadis

2450 4427 1770 144 Dedans lacye semblant ung paradis

2466 4550 1754 128 Cil estandra son empire ⁊ son sceptre

2439 4651 1846 134 Iusques aux indes ⁊ si sera le maistre

2455 4763 2017 139 Des garamantes en doulce paix sãs guerre

2396 4876 1696 176 Sy q̃ pour uray syl ya nulle terre
