4960 6960
638.0 933.0 1496.0 151.0 et lui dist haa sainte fẽme tu mas

614.0 1049.0 1422.0 128.0 uaincu non ay dist elle mais ta

626.0 1131.0 1450.0 156.0 uaincu mon doulx sauueur ihũcͥst

643.0 1235.0 1462.0 145.0 Grant uertu a oroison contre temp

643.0 1339.0 314.0 140.0 tation.

632.0 1426.0 1392.0 151.0 une abbesse ne doit point uiure deli

655.0 1542.0 458.0 116.0 cieusement.

649.0 1554.0 1468.0 197.0 aques de uitri raconte une fable

643.0 1705.0 1381.0 151.0 morale et dist que la puce et la

643.0 1798.0 1416.0 156.0 fieure parloient en samble Iay di

649.0 1902.0 1422.0 145.0 soit la puce este hebregiee la nuit

649.0 1995.0 1323.0 133.0 passee cheux une abbesse entre

649.0 2082.0 1346.0 162.0 deux blancs linceux sur un mol

649.0 2198.0 1398.0 133.0 lit ou ie cuidoie estre trop bien a

649.0 2291.0 1422.0 133.0 mon aise pour ce que celle abbesse

649.0 2378.0 1439.0 145.0 est crasse et en bon point Mais a la

643.0 2488.0 1439.0 139.0 premiere fois que ie la mordi elle

649.0 2575.0 1369.0 133.0 cria et fist alumer la chandeille

655.0 2679.0 1404.0 145.0 pour moy querir quise fus mais

649.0 2755.0 1474.0 150.0 ie me muchay iusques la chandeil

649.0 2859.0 1480.0 139.0 le fu hostee et lors ie lassailli Mais

649.0 2958.0 1398.0 133.0 elle fist ralumer la chandeille et

649.0 3056.0 1346.0 145.0 me fist querir et ainsi fist elle

649.0 3166.0 1335.0 134.0 toute la nuit a chascune fois

649.0 3253.0 1393.0 145.0 que ie la mordoie si ne mengay

649.0 3346.0 1422.0 139.0 onques celle nuit mais me sau

649.0 3445.0 1340.0 145.0 uai a grant paine Et iay dist

649.0 3549.0 1480.0 157.0 la fieure este ceste nuit hebregiee

655.0 3665.0 1340.0 139.0 cheux une poure fẽme maigre

655.0 3752.0 1323.0 134.0 mais tantost cõme ie lassailli

655.0 3845.0 1375.0 145.0 elle se leua et ala faire sa buee

643.0 3949.0 1410.0 128.0 ou elle fu toute la nut en grant

643.0 4031.0 1416.0 156.0 froidure et mesaise et a peu que

649.0 4147.0 1276.0 133.0 ie ny fus estainte. Ie te prie

643.0 4234.0 1288.0 145.0 fieure dist la puce changons

649.0 4309.0 1358.0 151.0 ceste nuit de noz logis Ie le ueul

655.0 4419.0 1329.0 145.0 bien dist la fieure. Ainsi changie

655.0 4524.0 1340.0 133.0 rent celle nuit. Et quant uint

649.0 4611.0 1282.0 127.0 au matin. Ha a dieu ce dist la

649.0 4709.0 1375.0 134.0 puce cõme iay ceste nuit eu bon

649.0 4808.0 1317.0 133.0 hostel. Car pour la paine que

655.0 4889.0 1340.0 151.0 ton hostesse auoit prins la nuit

649.0 4982.0 1358.0 151.0 passee elle a dormi toute la nuit

661.0 5075.0 1369.0 150.0 et ay tant mengie que i ay uolu

661.0 5191.0 1363.0 179.0 et repose a mon aise uraiement

2395.0 957.0 1335.0 145.0 dist la fieure tu me donnas hier

2401.0 1061.0 1375.0 151.0 bon conseil Car celle abesse ou tu

2401.0 1165.0 1352.0 128.0 mas enuoie ma ceste nuit tenu

2401.0 1247.0 1346.0 150.0 chaudement en bon lit et mol si

2407.0 1351.0 1299.0 145.0 ne men pense ia departir tant

2407.0 1450.0 1276.0 133.0 cõme ie puisse Ainsi aduient

2401.0 1548.0 1358.0 128.0 souuent que ceulx qui sont les

2401.0 1635.0 1439.0 151.0 plus souefz nourris sont les plus

2401.0 1728.0 1381.0 145.0 souuent malades et qui le pis re

2395.0 1821.0 1416.0 145.0 posent et les poures sont les plus

2401.0 1919.0 1334.0 145.0 heties et qui mieulx reposent.

2401.0 2006.0 1207.0 157.0 Absolution uault apres la mort.

2424.0 2105.0 1387.0 139.0 ubert raconte dun moine ma

2401.0 2192.0 1369.0 168.0 lade qui en sa maladie requist

2390.0 2296.0 1427.0 145.0 a son abbe son absolution. Labbe

2401.0 2401.0 1305.0 122.0 ne lui donna pas si tost Ains

2401.0 2499.0 1334.0 140.0 sen ala dehors et entretant le

2407.0 2592.0 1334.0 139.0 moine trespassa dont labbe fu

2407.0 2679.0 1427.0 134.0 moult courrocie quant il reuint

2384.0 2778.0 1508.0 156.0 Il entra en leglise tout melancolie

2390.0 2882.0 1560.0 128.0 de ce que son moine estoit trespasse

2395.0 2981.0 1340.0 127.0 sans auoir son absolution Et

2401.0 3074.0 1456.0 133.0 lors soudainement son moine sap

2401.0 3166.0 1375.0 128.0 paru deuant lui et lui requist

2407.0 3242.0 1427.0 168.0 son absolution. Labbe lui donna

2395.0 3358.0 1410.0 156.0 uolentiers en la maniere a cou

2390.0 3462.0 1421.0 145.0 stumee Apres que le moine eut

2407.0 3561.0 1450.0 145.0 receu labsolution il lui demanda

2401.0 3665.0 1508.0 151.0 penitance. Labbe qui ne scauoit

2401.0 3770.0 1334.0 127.0 pas bien quelle penitance il

2390.0 3851.0 1398.0 145.0 deuoit donner a un hõme mort

2395.0 3944.0 1404.0 139.0 lui dist uaten dist il en purga

2395.0 4042.0 1416.0 139.0 toire et y soies iusques a ce que

2401.0 4147.0 1485.0 139.0 ton corps sera enterre car encore

2407.0 4245.0 1392.0 128.0 estoit son corps a enterrer Lors

2395.0 4338.0 1311.0 128.0 cõmenca le moine a crier si

2401.0 4413.0 1387.0 157.0 hault quon loy par toute lab

2401.0 4529.0 1346.0 128.0 baie et dist. Ha a hõme sans

2390.0 4593.0 1415.0 168.0 pitie mas tu cõmande estre si

2401.0 4715.0 1288.0 145.0 longuement en purgatoire

2395.0 4814.0 1340.0 145.0 en ce disant il sesuanouy. O

2395.0 4906.0 1364.0 145.0 quelle paine souffreront les

2401.0 4999.0 1346.0 145.0 dampnez quant les iustes re

2390.0 5098.0 1427.0 151.0 doubtent tant la paine de pur

2390.0 5202.0 1386.0 221.0 gatoire ou il a fin et en celle
