4960 6960
661.0 922.0 1433.0 139.0 lui respondi. Mon pere dist il ie deuerai

661.0 1015.0 1328.0 139.0 auoir ton heritage pour estre le plus

667.0 1113.0 1380.0 128.0 meschant dentre nous. Car ie me cou

655.0 1212.0 1340.0 127.0 cheray tout nu en la goutiere du toit

661.0 1310.0 1404.0 140.0 de ta maison iarai du pain en ma bou

667.0 1415.0 1322.0 133.0 che mais si nen gousterai ie point

661.0 1496.0 1427.0 139.0 Ains le laisserai rongier par les soris.

672.0 1612.0 1352.0 145.0 Et ainsi quant tu me uerras ainsi

678.0 1711.0 1329.0 116.0 meschant tu me feras ton heritier.

632.0 1780.0 1450.0 163.0 Ie seray plus meschant dist le second

661.0 1890.0 1346.0 134.0 Car ie me feray oindre de miel et

667.0 1989.0 1438.0 133.0 me laisseray mengier aux mousches

661.0 2082.0 1427.0 127.0 et aux uuespes au soleil si seray plus

667.0 2175.0 1462.0 139.0 meschant et aray ton heritage mon

667.0 2267.0 1334.0 128.0 pere Uraiement dist le plus ione

667.0 2366.0 1433.0 145.0 ie ne puis faillir a auoir ton herita

649.0 2436.0 1439.0 174.0 ge mon pere Il a pres de cy une lon

655.0 2563.0 1317.0 134.0 gaigne ou toutes les ordures de

649.0 2650.0 1393.0 134.0 ceste cite sassamblent ie my plan

649.0 2737.0 1398.0 139.0 teray iusques au col et nen ueul

597.0 2847.0 1392.0 134.0 Iamais issir. Quant le pere eut

649.0 2934.0 1387.0 140.0 bien entendu la grant meschante

649.0 3021.0 1329.0 151.0 de ses enfans et la grant perrece

643.0 3126.0 1422.0 122.0 il fist tout autrement quilz ne pen

649.0 3213.0 1317.0 139.0 soient Car il les fist tous trois

643.0 3300.0 1393.0 168.0 bastars de son heritage. Il samble

649.0 3427.0 1404.0 145.0 proprement que nostre seigneur

643.0 3520.0 1410.0 151.0 qui est entendu par le riche hõme

643.0 3613.0 1375.0 151.0 ait fait un tel cry entre les trois

643.0 3700.0 1370.0 133.0 estas des crestiens. Car pluseurs

643.0 3799.0 1428.0 127.0 se boutent tous nus en leglise sans

643.0 3891.0 1416.0 134.0 deuotion recoiuent les biens et les

643.0 3990.0 1404.0 145.0 oblations dicelle tiennent en leur

643.0 4094.0 1399.0 140.0 bouche le pain de uie cest la sainte

643.0 4187.0 1433.0 128.0 escripture et la mort qui est enten

643.0 4274.0 1364.0 145.0 due par la soris leur ronge iour

638.0 4384.0 1467.0 128.0 et nuit le pain en la bouche pour ce

638.0 4471.0 1433.0 140.0 quilz ne le goustent point et se lais

638.0 4564.0 1334.0 134.0 sent morir de fain et en ce point

649.0 4669.0 1335.0 133.0 meurent. dieu scet cõment et ou

649.0 4744.0 1427.0 151.0 ilz uont. Les empereurs les princes

632.0 4848.0 1317.0 163.0 les roys et les seigneurs se font

643.0 4959.0 1393.0 127.0 oindre de precieux oignemens re

638.0 5063.0 1467.0 139.0 coiuent la gloire du soleil de Iustice

626.0 5144.0 1311.0 180.0 et la lui deussent toute rendre.

2384.0 904.0 1415.0 163.0 Mais ilz ont leurs gens et leurs

2401.0 1020.0 1439.0 140.0 mesmes qui font les grans pechiez

2395.0 1113.0 1468.0 151.0 dont les maistres rendront le comp

2401.0 1212.0 1375.0 133.0 te ce sont les mousches qui les

2395.0 1299.0 1451.0 156.0 menguent Ie ne scay se telz enfans

2390.0 1392.0 1461.0 156.0 aront leritage de paradis. Ceulx qui

2395.0 1496.0 1404.0 157.0 ne se ueulent confesser si non par

2390.0 1600.0 1403.0 140.0 constrainte de maladie ou chascun

2395.0 1699.0 1468.0 157.0 an une fois a la pasque qui se tien

2395.0 1803.0 1393.0 122.0 nent en la longaigne des pechies

2395.0 1879.0 1480.0 145.0 qui sassamblent en un lieu se doiuẽt

2390.0 1989.0 1438.0 151.0 forment doubter de celle parfonde

2384.0 2093.0 1386.0 122.0 fosse denfer. Car confession est le

2390.0 2180.0 1438.0 151.0 sacrement par qui deffault il est le

2384.0 2285.0 1131.0 127.0 plus des xpĩens dampnes.

2384.0 2366.0 1433.0 145.0 dieu pugnist souuent les adulteres

2390.0 2470.0 881.0 145.0 en ceste uie presente.

2384.0 2546.0 1409.0 139.0 ierre damian raconte quen la

2372.0 2644.0 1520.0 145.0 cite de paris en la ueille saint geruais

2384.0 2743.0 1444.0 128.0 et saint prothais un hõme se leua

2390.0 2842.0 1456.0 139.0 bien matin deuant le iour de decoste

2390.0 2946.0 1363.0 145.0 sa fẽme pour mener ses bestes en

2390.0 3033.0 1403.0 151.0 pasture. Et tantost un sien uoisin

2384.0 3137.0 1392.0 122.0 qui le uey aler aux champs entra

2390.0 3236.0 1380.0 145.0 en sa chambre cõme se ce fust son

2390.0 3340.0 1340.0 134.0 mari et fist samblant que fieure

2390.0 3433.0 1409.0 139.0 lauoit prins si se coucha auec la

2390.0 3526.0 1496.0 151.0 preudefẽme et celle qui le senti froit

2390.0 3630.0 1427.0 140.0 lacola tantost et embraca pour le

2384.0 3723.0 1450.0 139.0 reschauffer cuidant que ce fust son

2384.0 3810.0 1427.0 145.0 mari mais le mauuais hõme qui

2384.0 3909.0 1375.0 139.0 ne contendoit qua decepuoir la

2390.0 4019.0 1444.0 133.0 fẽme la congnut charnelment et

2384.0 4106.0 1346.0 145.0 puis se leua et sen ala Le mari

2384.0 4205.0 1433.0 127.0 reuint assez tost apres et se recou

2384.0 4292.0 1491.0 139.0 cha decoste sa fẽme pour soy refaire

2384.0 4390.0 1392.0 122.0 sa fẽme le cõmenca ablasmer et

2395.0 4471.0 1358.0 151.0 lui dist Cõment dist elle porras

2390.0 4582.0 1438.0 133.0 tu au iour duy entrer en leglise des

2390.0 4674.0 1392.0 134.0 sains martirs auec les autres cre

2390.0 4767.0 1386.0 134.0 stiens toy qui ne tes peu abstenir

2378.0 4860.0 1398.0 151.0 de moy a ce matin. Moy dist il en

2384.0 4959.0 1398.0 145.0 uerite il ne maduint au iour duy.

2384.0 5069.0 1351.0 127.0 si fu lors moult esmerueillie et

2372.0 5150.0 1392.0 232.0 demanda a sa fẽme la uerite de
