4960 6960
1328.0 922.0 1398.0 180.0 Et pour les grans miracles qui lors se

1334.0 1049.0 1409.0 145.0 faisoient a auxerre. les bonnes gens y

1340.0 1154.0 1322.0 133.0 offroient de leurs biens largement.

1328.0 1264.0 1398.0 139.0 Pour lesquelz offrandes contens mut

1334.0 1351.0 1415.0 128.0 entre ceulx dauxerre et ceulx de tours

1340.0 1444.0 1432.0 133.0 Si aduint que pour eulx apaisier ilz

1345.0 1537.0 1352.0 145.0 couchierent un mesel entre le corps

1340.0 1635.0 1351.0 151.0 saint martin et celui de saint ger

1357.0 1745.0 1328.0 134.0 main pour scauoir par le quel des

1357.0 1832.0 1386.0 145.0 deux glorieux confez ces miracles

1357.0 1919.0 1427.0 145.0 aduenoient. Quant ilz reuinrent

1357.0 2018.0 1468.0 157.0 au matin llz trouuerent que le mesel

1345.0 2128.0 1329.0 145.0 estoit gari du coste quil auoit este

1345.0 2221.0 1491.0 133.0 deuers saint martin et de lautre non.

1345.0 2320.0 1456.0 121.0 Et si sceurent bien quil ny eut point

1345.0 2407.0 1433.0 139.0 de fraude Car ilz se ueillierent toute

1340.0 2505.0 1415.0 128.0 la nuit diligãment Encore pour

1351.0 2610.0 1375.0 139.0 mieulx estre a certenes du merite

1357.0 2697.0 1381.0 150.0 du glorieux confez saint martin

1357.0 2813.0 1427.0 121.0 llz retournerent la nuit en sieuuãt

1357.0 2905.0 1398.0 128.0 le mesel et mirent le coste malade

1334.0 2987.0 1456.0 121.0 deuers saint martin si le trouerent

1357.0 3091.0 1462.0 122.0 tout sane lendemain au matin Par

1369.0 3178.0 1369.0 145.0 cest example nous appert que les

1369.0 3282.0 1195.0 145.0 sains sentreportent honneur.

1369.0 3387.0 1328.0 133.0 Example au propoz de hebregier

1357.0 3468.0 1479.0 139.0 n preudõme fu qui pour lamour

1369.0 3578.0 1409.0 134.0 de nostre seigneur hebregoit toutes

1369.0 3665.0 1421.0 145.0 les nuys une poure personne Et poͬ

1374.0 3770.0 1404.0 133.0 ce que une nuit il nen uint nul il

1369.0 3862.0 1392.0 128.0 iss au soir de sa maison pour regar

1369.0 3944.0 1392.0 139.0 dez sil en trouueroit un quil peust

1374.0 4048.0 1462.0 151.0 mener conchier en sa maison Aduint

1374.0 4147.0 1427.0 139.0 quil oy un poure hõme crier ẽmi les

1380.0 4251.0 1352.0 128.0 champs dessoubz un arbre il ala

1369.0 4321.0 1415.0 162.0 celle part et le trouua il le print ⁊

1369.0 4431.0 1461.0 156.0 porta en sa maison et lui fist de bien

1369.0 4524.0 1432.0 127.0 ce quil peut Car il lui sambla m'lt

1374.0 4605.0 1445.0 151.0 malade Quant il lui eut donne a

1369.0 4715.0 1369.0 151.0 souper Il le coucha et ainsi cõme

1386.0 4808.0 1369.0 133.0 il auoit acoustume il lui donna

1374.0 4906.0 1439.0 128.0 de leaue benoite et prestement son

1386.0 5005.0 1328.0 139.0 hõme sesuanouy. Car cestoit un

1380.0 5098.0 1479.0 133.0 deable qui contendoit a le decepuoir

1374.0 5196.0 1520.0 215.0 cõme enuieux du bien que cil faisoit

3109.0 910.0 1294.0 186.0 Grant tamps apres ce preudõme

3103.0 1044.0 1288.0 162.0 ala en pelerinage moult loing et

3109.0 1154.0 1236.0 145.0 sacompaigna daduenture auec

3126.0 1247.0 1294.0 127.0 mauuaises gens et fu prins auec

3115.0 1322.0 1305.0 151.0 eulx et mis en prison Ainsi cõme il

3109.0 1432.0 1334.0 145.0 estoit en celle prison ce deable quil

3115.0 1537.0 1293.0 139.0 auoit autrefois hebregie sapparu

3109.0 1635.0 1334.0 128.0 a lui et lui dist quil le mettroit hors

3109.0 1734.0 1288.0 156.0 de celle prison mais se gardast de

3109.0 1844.0 1288.0 128.0 soy seigner Car autrement il ne

3109.0 1937.0 1311.0 122.0 lui porroit aidier Le preudõme si

3115.0 2024.0 1299.0 122.0 acorda pour ce quil desiroit moult

3109.0 2117.0 1323.0 133.0 destre deliure. Lors le deable le print

3109.0 2221.0 1317.0 145.0 et en ce moment le restabli au plꝰ

3109.0 2314.0 1311.0 127.0 pres de sa maison et lui dist quil

3103.0 2395.0 1352.0 133.0 estoit le deable quil auoit hebregie

3109.0 2505.0 1369.0 145.0 pieca en guise de poure quil enchaca

3109.0 2598.0 1305.0 133.0 par lui donner de leaue benoite et

3115.0 2679.0 1340.0 145.0 que pour ceste bonte il auoit este

3115.0 2801.0 1346.0 133.0 constraint maulgre lui de lui faire

3121.0 2894.0 1351.0 145.0 ce plaisir celle fois Cest bonne chose

3115.0 2998.0 1346.0 134.0 et moult prouffitable de uolentiers

3115.0 3091.0 1305.0 128.0 acomplir les euures de misercorde.

3115.0 3155.0 1375.0 174.0 Exãples au propoz de iuges ⁊ de iustice

3463.0 3271.0 974.0 139.0 n treuue es croniques que

3469.0 3364.0 939.0 145.0 lempereur othon tiers de

3474.0 3474.0 940.0 139.0 ce nom eut une fẽme qui

3126.0 3561.0 1323.0 168.0 senamoura dun conte grant seigneͬ

3126.0 3683.0 1288.0 110.0 et lui descouurri son corage et le re

3121.0 3770.0 1334.0 110.0 quist de pechie Mais le noble conte

3121.0 3851.0 1253.0 151.0 ne se uoult a elle consentir dont

3126.0 3938.0 1236.0 151.0 elle fu si mal contente quelle

3121.0 4048.0 1299.0 145.0 retourna celle mauuaistie sur ce

3121.0 4141.0 1316.0 127.0 conte et laccusa a son mari. Lem

3121.0 4228.0 1276.0 168.0 pereur qui crut sa fẽme trop le

3115.0 4303.0 1322.0 174.0 gierement fist prendre ce conte ⁊

3126.0 4419.0 1346.0 151.0 sans autre information faire non

3126.0 4495.0 1352.0 162.0 obstans les excusations et deffenses

3115.0 4605.0 1334.0 151.0 diceluy conte lempereur le fist de

3126.0 4698.0 1317.0 145.0 coler Ainsi cõme on le menoit mo

3126.0 4790.0 1282.0 157.0 rir. ce conte encontra sa fẽme et

3126.0 4912.0 1271.0 128.0 lui pria que apres sa mort elle

3097.0 4988.0 1300.0 139.0 uousist hardiement prouuer son

3126.0 5086.0 1306.0 174.0 innocence Iusques a lespreuue de

3126.0 5173.0 1335.0 226.0 porter feu ardant a ses mains nues
