4960 6960
1351.0 957.0 1398.0 162.0 son fol mieulx que de tous les autres.

1357.0 1061.0 1468.0 133.0 cõmenca a soy humilier et ploura de pitie

1357.0 1148.0 1479.0 139.0 et laissa depuis ses uanites et son beubãt.

1351.0 1247.0 1410.0 150.0 Pour ce dist on cõmunement que au

1369.0 1345.0 1427.0 145.0 cune foiz un fol conseille bien un sage.

1363.0 1450.0 1398.0 139.0 Exãple au propoz de faire pour dieu

1345.0 1531.0 1468.0 162.0 ui fait pour dieu ce quil peut dieu

1357.0 1647.0 1497.0 139.0 fait pour lui ce quil ueult . Ceste parole

1363.0 1740.0 1433.0 133.0 peut bien estre dite pour sainte dorecte

1351.0 1832.0 1387.0 145.0 de capadoce laquelle fu prinse par un

1357.0 1931.0 1439.0 128.0 tirant qui la uoloit constraindre de de

1351.0 2024.0 1421.0 156.0 guerpir sa foy et sa uirginite. Et elle

1357.0 2105.0 1468.0 145.0 lui respondi. Certes dist elle ie ne lais

1357.0 2227.0 1410.0 151.0 seray point mon ami Ihũcrist qui me

1363.0 2314.0 1409.0 133.0 menra en son Iardin et me donra de

1357.0 2407.0 1352.0 156.0 ses roses et de ses põmes grenades.

1345.0 2499.0 1468.0 151.0 Lors un autre tirant lui dist par mo

1357.0 2592.0 1398.0 157.0 querie. Haa dorecte dist il ie te prie

1369.0 2708.0 1380.0 134.0 quant tu seras ou Iardin de ton ami

1369.0 2795.0 1456.0 151.0 que tu menuoies de tes roses et de tes

1363.0 2888.0 1334.0 162.0 põmes grenades. Elle lui respondi

1363.0 2992.0 1421.0 134.0 quelle lui en enuoieroit uolentiers

1357.0 3074.0 1421.0 133.0 Et lors soudainement un angele lui

1363.0 3178.0 1467.0 128.0 aporta des roses et des grenades en un

1369.0 3265.0 1444.0 151.0 paneret et elle le bailla au tirant Il

1363.0 3369.0 1427.0 122.0 y auoit trois roses et trois grenades

1351.0 3433.0 1474.0 163.0 Quant le tirant les uey il en eut grãt

1351.0 3567.0 1456.0 145.0 merueille et leua les yeux au ciel et

1345.0 3671.0 1422.0 145.0 dist par grant deuotion quil uoloit

1345.0 3741.0 1474.0 145.0 estre crestien. Et lors un autre tirãt

1351.0 3857.0 1421.0 121.0 lui demanda sil se conuertiroit ainsi

1345.0 3926.0 1497.0 163.0 pour si peu de chose. Helas dist celui

1345.0 4036.0 1491.0 151.0 te samble de peu de chose quantes foiz

1351.0 4147.0 1462.0 121.0 as tu ueu en ce moys de feurier roses

1345.0 4239.0 1427.0 145.0 ne põmes grenades Et si tost cõme

1345.0 4332.0 1462.0 151.0 il eut ce dit il sen couru au martire

1345.0 4437.0 1509.0 150.0 et receupt couronne de martire auec

1351.0 4529.0 981.0 128.0 ma dame sainte dorecte.

1334.0 4605.0 1189.0 145.0 Example dune fable morale

1334.0 4715.0 1415.0 139.0 ne chieure entra un iour en la

1351.0 4808.0 1416.0 133.0 boucherie pour un leu qui la chacoit

1351.0 4889.0 1427.0 151.0 et disoit en soy mesmes. Helas que

1351.0 4999.0 1421.0 128.0 pourray ie faire se ie retourne le leu

1345.0 5086.0 1474.0 139.0 me mengera et se ie uois plus auãt

1340.0 5185.0 1461.0 214.0 le bonchier me tuera mal que mal

3126.0 951.0 1364.0 151.0 encore aime ie mieulx estre en la main

3103.0 1044.0 1317.0 162.0 du bouchier quen la gueule du leu

3126.0 1142.0 1323.0 151.0 Car au mains me taillera il et deco

3126.0 1235.0 1311.0 157.0 pera honnestement sur son estal et le

3126.0 1334.0 1277.0 145.0 leu me mengeroit entre ses pies.

3109.0 1426.0 1328.0 140.0 Par ceste fable poons entendre que

3121.0 1525.0 1345.0 139.0 quant nous sõmes en pechie mortel

3121.0 1624.0 1357.0 139.0 le deable a cause de nous chacier poͬ ce

3121.0 1728.0 1351.0 139.0 que nous sõmes siens et a lui obligiez

3126.0 1827.0 1346.0 150.0 Dongues se nous latendons en conti

3126.0 1919.0 1329.0 134.0 nuant en noz pechiez nous cherrons

3126.0 2012.0 1329.0 157.0 en sa gueule en enfer. Et se nous noꝰ

3126.0 2117.0 1317.0 121.0 confessons et amendons nous irons

3126.0 2209.0 1340.0 128.0 en la boucherie de purgatoire. donq̃s

3132.0 2302.0 1329.0 145.0 quant nous auons pechie il couuiẽt

3132.0 2407.0 1305.0 139.0 que nous aions cy a souffrir ou en

3126.0 2494.0 1311.0 139.0 purgatoire ou en enfer. Si deuons

3126.0 2586.0 1311.0 145.0 se nous sõmes bien aduisez eslire de

3126.0 2685.0 1311.0 139.0 deux maulx le mains pire. donq̃s

3126.0 2801.0 1323.0 122.0 nous couuient il faire nostre peni

3126.0 2876.0 1335.0 140.0 tance en ce monde et Debonnairem̃t

3126.0 2975.0 1300.0 139.0 souffrir toutes tribulations pour

3132.0 3079.0 1311.0 134.0 lamour de nostre seigneur. Et par

3132.0 3166.0 1300.0 134.0 ce moien nous estaindrons purga

3132.0 3259.0 1305.0 151.0 toire en tout ou en partie et toutes

3126.0 3364.0 1242.0 133.0 uoies il fait trop pieur en enfer

3126.0 3468.0 1277.0 145.0 quen purgatoire. Car la paine de

3126.0 3555.0 1259.0 162.0 purgatoire prent fin et y a on le

3115.0 3659.0 1264.0 134.0 confort des angeles et des sains

3121.0 3735.0 1322.0 145.0 aux quielx on a en deuotion en ceste

3097.0 3828.0 1323.0 156.0 uie mortelle du quel lieu la peni

3121.0 3932.0 1299.0 157.0 tance acomplie on ua droit en pa

3121.0 4019.0 1357.0 174.0 radis. mais denfer qui y est Iamais

3121.0 4147.0 469.0 139.0 nen istra.

3115.0 4228.0 1177.0 162.0 Example au propoz de gaignier

3457.0 4315.0 1009.0 151.0 n sage barbier fu qui pre

3480.0 4419.0 952.0 139.0 noit trois denier pour son

3474.0 4489.0 992.0 151.0 salaire de toutes les barbes

3121.0 4582.0 1351.0 162.0 quil faisoit et si en faisoit tant que

3121.0 4680.0 1322.0 157.0 oultre la neccessite de son uiure Il

3121.0 4785.0 1258.0 145.0 mectoit bien chascun iour cent

3103.0 4872.0 1352.0 156.0 deniers en son tresor il oy dire quen

3092.0 4964.0 1363.0 157.0 un pays loingtain on dnnmoit douze

3097.0 5080.0 1323.0 157.0 deniers de chascune barbe faire. Si

3103.0 5167.0 1334.0 227.0 se mist a chemin pour y aler ⁊ porta
