4960 6960
1305.0 968.0 777.0 145.0 denfer nen a point.

1299.0 1073.0 1398.0 145.0 Abstinence uint le deable qui tempte

1299.0 1183.0 516.0 122.0 de gloutonnie

1305.0 1235.0 1375.0 186.0 n treuue en la uie des peres que

1299.0 1363.0 1404.0 139.0 un ione moine fu teliement tempte

1305.0 1461.0 1421.0 145.0 de mengier que des la premiere heure

1293.0 1554.0 1404.0 133.0 du iour il auoit tant fain que plus

1316.0 1641.0 1375.0 139.0 ne pouoit Mais il disoit en soy mes

1316.0 1734.0 1364.0 151.0 mes quelque paine que Iaie il me

1316.0 1838.0 1387.0 151.0 couuient Ieuner Iusques a tierce. Et

1316.0 1931.0 1404.0 139.0 quant tierce estoit uenue il en disoit

1322.0 2018.0 1410.0 157.0 autant Iusques a midi et de midi ius

1311.0 2122.0 1398.0 145.0 ques a nonne. Quant nonne estoit

1311.0 2221.0 1328.0 145.0 uenue il disoit sa deuotion et puis

1322.0 2325.0 1323.0 145.0 mengoit Ainsi le fist longuement

1311.0 2424.0 1403.0 128.0 par pluseurs iours. Aduint quil re

1282.0 2505.0 1421.0 145.0 garda un iour dedens le panneer ou

1316.0 2615.0 1439.0 128.0 il mectoit son pain si en uey issir une

1305.0 2708.0 1351.0 151.0 grant fumiere qui sesuanouy par

1311.0 2795.0 1398.0 139.0 la fenestre hors de sa chambre. Et

1316.0 2900.0 1277.0 133.0 onques puis il neut fain. Ains

1311.0 2975.0 1345.0 157.0 deuint si fort et si uertueux quil

1322.0 3097.0 1323.0 133.0 eust bien ieune deux iours sans

1311.0 3184.0 986.0 156.0 boire et sans mengier.

1293.0 3265.0 1427.0 157.0 Abstinence sans discrestion est moult

1293.0 3375.0 412.0 139.0 perilleuse.

1299.0 3445.0 1346.0 185.0 esaire raconte que un deable

1316.0 3590.0 1410.0 145.0 en samblance dun bon angele sappa

1311.0 3688.0 1334.0 140.0 ru a un moine qui estoit moult

1299.0 3775.0 1317.0 128.0 simple. Et aleure que le moine

1305.0 3862.0 1392.0 140.0 deuoit mengier Le deable lui mon

1305.0 3955.0 1398.0 157.0 stroit la moitie dun petit pain et

1299.0 4060.0 1340.0 156.0 lui conseilloit quil nen mengast

1305.0 4158.0 1334.0 145.0 plus. Le moine qui cuidoit que

1305.0 4268.0 1450.0 134.0 ce fust un angele le creoit et obeis

1305.0 4355.0 1322.0 134.0 soit alui. Si ne demoura gueres

1299.0 4419.0 1415.0 168.0 apres que le poure moine fu si debi

1299.0 4541.0 1363.0 139.0 lite par fole abstinence quil perdi

1293.0 4634.0 760.0 139.0 son sens et moru.

1305.0 4727.0 1282.0 150.0 Accide retrait souuent les gens de

1293.0 4825.0 569.0 186.0 bonnes meurs.

1316.0 4918.0 1393.0 145.0 esaire raconte dun moine que

1299.0 5011.0 1352.0 139.0 le deable temptoit tant fort du

1293.0 5104.0 1369.0 145.0 pechie daccide que toutes les fois

1299.0 5202.0 1398.0 192.0 quil se deuoit leuer pour aler a ma

3074.0 939.0 1387.0 174.0 tines il se trouuoit si perreceux quil

3074.0 1055.0 1323.0 157.0 cõmencoit a suer. Et pour ce quil

3074.0 1148.0 1387.0 151.0 cui doit que celle sueur lui fust prouf

3063.0 1241.0 1334.0 168.0 fitable pour sa sante il demouroit

3068.0 1351.0 1265.0 133.0 en son lit et se recouuroit pour

3080.0 1438.0 1357.0 162.0 mieulx suer. Aduint une nuit cõme

3074.0 1542.0 1346.0 151.0 il oy les moines leuer pour aler a

3074.0 1635.0 1300.0 145.0 matines il tempta sil se pourroit

3074.0 1734.0 1340.0 145.0 leuer mais toutesuoies par perrece

3074.0 1844.0 1334.0 133.0 il se recoucha Et quant il fu recou

3074.0 1937.0 1305.0 139.0 chie il oy une clere uoix dessoubz

3063.0 2018.0 1311.0 157.0 lui qui disoit ne te lieue point il

3063.0 2117.0 1334.0 162.0 ne test nul besoing de restraindre

3063.0 2233.0 1328.0 133.0 ta sueur. Le moine congnut lors

3063.0 2320.0 1380.0 139.0 que cestoit un deable qui par perrece

3063.0 2412.0 1369.0 145.0 le decepuoit Si se leua uiguereusem̃t

3068.0 2511.0 1021.0 139.0 et ala depuis a matines.

3039.0 2592.0 1317.0 180.0 Accide uient souuent par foles pensees.

3045.0 2697.0 1381.0 145.0 n treuue en la uie des peres que

3057.0 2795.0 1276.0 151.0 un ione moine se conseilla a un

3057.0 2900.0 1276.0 127.0 autre moine plus ancien et lui

3057.0 2981.0 1311.0 151.0 dist. Que pourrai ie faire. Car de

3057.0 3097.0 1346.0 139.0 tant cõme ie me tien plus solitaire

3057.0 3190.0 1276.0 133.0 ment en ma celle tant plus sui

3057.0 3277.0 1270.0 139.0 perreceux. Lautre lui respondi.

3034.0 3369.0 1299.0 145.0 Tu nas point dist il encore ueu

3045.0 3474.0 1334.0 145.0 les tourmens qui sont appareillies

3057.0 3578.0 1293.0 145.0 aux pecheurs Car se tu y pensoies

3045.0 3665.0 1323.0 163.0 souuent en ton cuer et ta celle fust

3045.0 3781.0 1317.0 122.0 si plaine de uers que tu en eusses

3016.0 3857.0 1346.0 162.0 Iusques au col si le souffreroies tu

3039.0 3961.0 1335.0 151.0 paciẽment sans quel que perrece

3039.0 4042.0 1346.0 163.0 tes foles pensees et uaines te font

3051.0 4164.0 452.0 139.0 perreceux.

3039.0 4222.0 1369.0 168.0 Example dun riche homme qui auoit

3051.0 4350.0 975.0 133.0 trois filz moult perreceux.

3045.0 4437.0 1265.0 145.0 n riche hõme fu qui auoit

3063.0 4524.0 1282.0 150.0 trois filz moult meschans et per

3057.0 4634.0 1230.0 127.0 receux il leur dist un iour par

3068.0 4703.0 1306.0 163.0 despit pour ce dist il que uous uoꝰ

3045.0 4808.0 1300.0 168.0 prouues mauuaisement ie ueul

3051.0 4895.0 1363.0 162.0 que le plus meschant de uous trois

3051.0 4993.0 1392.0 163.0 ait mon heritage si me dites le quel

3051.0 5109.0 1259.0 134.0 est le plus perreceux. Quant

3057.0 5185.0 1357.0 191.0 ceulx eurent un peu pense lainsne
