<alto xmlns:xsi="http://www.w3.org/2001/XMLSchema-instance" xmlns="http://www.loc.gov/standards/alto/ns-v4#" xsi:schemaLocation="http://www.loc.gov/standards/alto/ns-v4# http://www.loc.gov/standards/alto/v4/alto-4-2.xsd">
  <Description>
    <MeasurementUnit>pixel</MeasurementUnit>
    <sourceImageInformation>
      <fileName>BE-KBR00_B-18374984_0000-00-00_00_0535.jpg</fileName>
      
    </sourceImageInformation>
  </Description>
  
  <Tags>
    <OtherTag ID="BT6631" LABEL="MarginTextZone" DESCRIPTION="block type MarginTextZone"/><OtherTag ID="BT6630" LABEL="NumberingZone" DESCRIPTION="block type NumberingZone"/><OtherTag ID="BT6629" LABEL="GraphicZone" DESCRIPTION="block type GraphicZone"/><OtherTag ID="BT6628" LABEL="DropCapitalZone" DESCRIPTION="block type DropCapitalZone"/><OtherTag ID="BT6627" LABEL="MainZone" DESCRIPTION="block type MainZone"/><OtherTag ID="BT4" LABEL="Illustration" DESCRIPTION="block type Illustration"/><OtherTag ID="BT3" LABEL="Commentary" DESCRIPTION="block type Commentary"/><OtherTag ID="BT2" LABEL="Main" DESCRIPTION="block type Main"/><OtherTag ID="BT1" LABEL="Title" DESCRIPTION="block type Title"/>
    <OtherTag ID="LT2246" LABEL="HeadingLine" DESCRIPTION="line type HeadingLine"/><OtherTag ID="LT2245" LABEL="DefaultLine" DESCRIPTION="line type DefaultLine"/>
  </Tags>
  
  <Layout>
    <Page WIDTH="4960" HEIGHT="6960" PHYSICAL_IMG_NR="13" ID="eSc_dummypage_">
      <PrintSpace HPOS="0" VPOS="0" WIDTH="4960" HEIGHT="6960">
        
        <TextBlock HPOS="533.0" VPOS="951.0" WIDTH="1619.0" HEIGHT="4356.0" ID="eSc_textblock_3f4d1c5e" TAGREFS="BT6627">
          <Shape><Polygon POINTS="2013 3288 2105 3474 2013 3665 2082 4176 2013 4292 2082 4547 2013 5307 533 5260 672 951 2036 951 2152 1183 2036 1624 2105 2801"/></Shape>
          
          
          <TextLine ID="eSc_line_4e3c0a6d" TAGREFS="LT2245" BASELINE="649 1032 2030 1049" HPOS="643.0" VPOS="939.0" WIDTH="1387.0" HEIGHT="139.0">
            <Shape><Polygon POINTS="1519 951 1461 951 1403 951 1345 951 1287 951 1229 951 1171 951 1113 951 1055 951 997 951 939 951 881 951 823 951 765 951 707 951 701 939 649 939 649 1032 643 1073 2018 1078 2030 1049 2024 957 1566 951 1519 951"/></Shape>
	    <String CONTENT="na a sa celle sans parler a son hõme. Si" HPOS="643.0" VPOS="939.0" WIDTH="1387.0" HEIGHT="139.0"/>
          </TextLine>

          
          
          <TextLine ID="eSc_line_8092b4cd" TAGREFS="LT2245" BASELINE="643 1136 2053 1131" HPOS="638.0" VPOS="1032.0" WIDTH="1415.0" HEIGHT="145.0">
            <Shape><Polygon POINTS="2030 1049 1972 1049 1914 1049 1856 1049 1798 1049 1740 1049 1682 1049 1624 1049 1566 1049 1508 1044 1450 1044 1392 1044 1334 1044 638 1049 643 1136 643 1177 2047 1165 2053 1131 2036 1032 2030 1049"/></Shape>
	    <String CONTENT="ne demoura gueres apres quil fu encore" HPOS="638.0" VPOS="1032.0" WIDTH="1415.0" HEIGHT="145.0"/>
          </TextLine>

          
          
          <TextLine ID="eSc_line_78debc09" TAGREFS="LT2245" BASELINE="643 1223 2129 1235" HPOS="638.0" VPOS="1136.0" WIDTH="1491.0" HEIGHT="134.0">
            <Shape><Polygon POINTS="2105 1142 643 1136 643 1223 638 1264 2117 1270 2129 1235 2123 1206 2105 1142"/></Shape>
	    <String CONTENT="raui au iugement de dieu, et accuse cõme" HPOS="638.0" VPOS="1136.0" WIDTH="1491.0" HEIGHT="134.0"/>
          </TextLine>

          
          
          <TextLine ID="eSc_line_6a679d3d" TAGREFS="LT2245" BASELINE="632 1316 2111 1339" HPOS="626.0" VPOS="1229.0" WIDTH="1485.0" HEIGHT="139.0">
            <Shape><Polygon POINTS="2082 1247 632 1229 632 1316 626 1345 2100 1368 2111 1339 2105 1328 2082 1247"/></Shape>
	    <String CONTENT="deuant. Et par le moien de la glorieuse" HPOS="626.0" VPOS="1229.0" WIDTH="1485.0" HEIGHT="139.0"/>
          </TextLine>

          
          
          <TextLine ID="eSc_line_5e58a873" TAGREFS="LT2245" BASELINE="626 1415 2036 1426" HPOS="620.0" VPOS="1316.0" WIDTH="1416.0" HEIGHT="151.0">
            <Shape><Polygon POINTS="2018 1339 1960 1339 1902 1339 1844 1339 1786 1339 1728 1334 1670 1334 1612 1334 1554 1334 1496 1334 1438 1334 1380 1334 1322 1328 1264 1328 1206 1328 1148 1328 1090 1328 1032 1328 974 1322 916 1322 858 1322 800 1322 742 1322 684 1322 626 1316 626 1415 620 1455 2024 1467 2036 1426 2030 1339 2018 1339"/></Shape>
	    <String CONTENT="uierge marie lui fu ordene quil iroit" HPOS="620.0" VPOS="1316.0" WIDTH="1416.0" HEIGHT="151.0"/>
          </TextLine>

          
          
          <TextLine ID="eSc_line_9b3e18e3" TAGREFS="LT2245" BASELINE="632 1508 2053 1531" HPOS="626.0" VPOS="1421.0" WIDTH="1427.0" HEIGHT="139.0">
            <Shape><Polygon POINTS="2030 1438 632 1421 632 1508 626 1554 2042 1560 2053 1531 2047 1502 2030 1438"/></Shape>
	    <String CONTENT="parler au macon pour lui remonstrer" HPOS="626.0" VPOS="1421.0" WIDTH="1427.0" HEIGHT="139.0"/>
          </TextLine>

          
          
          <TextLine ID="eSc_line_c13542e0" TAGREFS="LT2245" BASELINE="643 1606 1984 1629" HPOS="638.0" VPOS="1513.0" WIDTH="1346.0" HEIGHT="151.0">
            <Shape><Polygon POINTS="643 1606 638 1658 1972 1664 1984 1629 1984 1537 643 1513 643 1606"/></Shape>
	    <String CONTENT="ses deffaultes. Il ala de rechief a la" HPOS="638.0" VPOS="1513.0" WIDTH="1346.0" HEIGHT="151.0"/>
          </TextLine>

          
          
          <TextLine ID="eSc_line_41c785e1" TAGREFS="LT2245" BASELINE="643 1722 2018 1722" HPOS="643.0" VPOS="1629.0" WIDTH="1375.0" HEIGHT="140.0">
            <Shape><Polygon POINTS="643 1722 643 1769 2018 1769 2018 1722 2018 1635 643 1629 643 1722"/></Shape>
	    <String CONTENT="court et trouua que lempereur estoit" HPOS="643.0" VPOS="1629.0" WIDTH="1375.0" HEIGHT="140.0"/>
          </TextLine>

          
          
          <TextLine ID="eSc_line_402f42d2" TAGREFS="LT2245" BASELINE="638 1815 1989 1821" HPOS="632.0" VPOS="1728.0" WIDTH="1357.0" HEIGHT="139.0">
            <Shape><Polygon POINTS="638 1815 632 1856 1978 1867 1989 1821 1984 1734 638 1728 638 1815"/></Shape>
	    <String CONTENT="tout nouuellement trespasse et que" HPOS="632.0" VPOS="1728.0" WIDTH="1357.0" HEIGHT="139.0"/>
          </TextLine>

          
          
          <TextLine ID="eSc_line_1c81d1ad" TAGREFS="LT2245" BASELINE="638 1908 2024 1908" HPOS="638.0" VPOS="1815.0" WIDTH="1386.0" HEIGHT="145.0">
            <Shape><Polygon POINTS="1972 1821 1914 1821 1856 1821 1798 1821 1740 1821 1682 1821 1624 1821 1566 1821 1554 1821 638 1827 638 1908 638 1954 2018 1960 2024 1908 2018 1815 1972 1815 1972 1821"/></Shape>
	    <String CONTENT="le nouuel empereur auoit contendu" HPOS="638.0" VPOS="1815.0" WIDTH="1386.0" HEIGHT="145.0"/>
          </TextLine>

          
          
          <TextLine ID="eSc_line_209fffb7" TAGREFS="LT2245" BASELINE="632 2001 1995 2012" HPOS="626.0" VPOS="1908.0" WIDTH="1369.0" HEIGHT="139.0">
            <Shape><Polygon POINTS="1038 1914 980 1914 922 1914 864 1914 806 1914 748 1914 690 1914 684 1908 632 1908 632 2001 626 2041 1984 2047 1995 2012 1989 1925 1084 1914 1038 1914"/></Shape>
	    <String CONTENT="et uolu faire prendre ce bailli. Mais" HPOS="626.0" VPOS="1908.0" WIDTH="1369.0" HEIGHT="139.0"/>
          </TextLine>

          
          
          <TextLine ID="eSc_line_5d39edaf" TAGREFS="LT2245" BASELINE="638 2093 2036 2105" HPOS="632.0" VPOS="2006.0" WIDTH="1404.0" HEIGHT="140.0">
            <Shape><Polygon POINTS="638 2093 632 2146 2030 2146 2036 2105 2030 2018 1334 2012 638 2006 638 2093"/></Shape>
	    <String CONTENT="il sen estoit fuy hors du pays et lempe" HPOS="632.0" VPOS="2006.0" WIDTH="1404.0" HEIGHT="140.0"/>
          </TextLine>

          
          
          <TextLine ID="eSc_line_a86abee6" TAGREFS="LT2245" BASELINE="638 2192 1937 2192" HPOS="638.0" VPOS="2099.0" WIDTH="1299.0" HEIGHT="145.0">
            <Shape><Polygon POINTS="1914 2105 1856 2105 1798 2105 1740 2105 1682 2105 1624 2105 1566 2105 1508 2105 1450 2105 1392 2105 1357 2099 638 2099 638 2192 638 2238 1931 2244 1937 2192 1931 2105 1914 2105"/></Shape>
	    <String CONTENT="reur auoit prins et raui tout son" HPOS="638.0" VPOS="2099.0" WIDTH="1299.0" HEIGHT="145.0"/>
          </TextLine>

          
          
          <TextLine ID="eSc_line_cec0bef8" TAGREFS="LT2245" BASELINE="638 2279 2007 2296" HPOS="632.0" VPOS="2198.0" WIDTH="1375.0" HEIGHT="133.0">
            <Shape><Polygon POINTS="638 2279 632 2325 1995 2331 2007 2296 2001 2204 638 2198 638 2279"/></Shape>
	    <String CONTENT="auoir. Ainsi quant cil eut perdu son" HPOS="632.0" VPOS="2198.0" WIDTH="1375.0" HEIGHT="133.0"/>
          </TextLine>

          
          
          <TextLine ID="eSc_line_64e16d7c" TAGREFS="LT2245" BASELINE="638 2372 2036 2389" HPOS="632.0" VPOS="2291.0" WIDTH="1404.0" HEIGHT="139.0">
            <Shape><Polygon POINTS="638 2372 632 2412 2024 2430 2036 2389 2030 2308 638 2291 638 2372"/></Shape>
	    <String CONTENT="honneur et son auoir il se remist a son" HPOS="632.0" VPOS="2291.0" WIDTH="1404.0" HEIGHT="139.0"/>
          </TextLine>

          
          
          <TextLine ID="eSc_line_d1cbc413" TAGREFS="LT2245" BASELINE="638 2470 1995 2482" HPOS="632.0" VPOS="2378.0" WIDTH="1363.0" HEIGHT="139.0">
            <Shape><Polygon POINTS="1972 2389 1914 2389 1856 2389 1798 2389 1740 2389 1682 2389 1624 2389 1589 2383 1311 2383 1276 2383 1218 2383 1160 2383 1142 2378 638 2378 638 2470 632 2511 1984 2517 1995 2482 1989 2389 1972 2389"/></Shape>
	    <String CONTENT="mestier et a faire aumosnes et a de" HPOS="632.0" VPOS="2378.0" WIDTH="1363.0" HEIGHT="139.0"/>
          </TextLine>

          
          
          <TextLine ID="eSc_line_1a5613a1" TAGREFS="LT2245" BASELINE="632 2563 2071 2575" HPOS="626.0" VPOS="2476.0" WIDTH="1445.0" HEIGHT="139.0">
            <Shape><Polygon POINTS="1966 2482 1908 2482 1850 2482 1792 2482 1734 2482 1676 2482 1618 2482 1560 2482 1502 2482 1444 2482 1386 2482 1328 2482 1270 2476 1212 2476 1154 2476 1096 2476 1038 2476 980 2476 922 2476 864 2476 806 2476 748 2476 690 2476 632 2476 632 2563 626 2610 2059 2615 2071 2575 2065 2476 1966 2476 1966 2482"/></Shape>
	    <String CONTENT="partir le sien tout ainsi cõme il auoit" HPOS="626.0" VPOS="2476.0" WIDTH="1445.0" HEIGHT="139.0"/>
          </TextLine>

          
          
          <TextLine ID="eSc_line_726bd16c" TAGREFS="LT2245" BASELINE="632 2656 2053 2673" HPOS="626.0" VPOS="2569.0" WIDTH="1427.0" HEIGHT="145.0">
            <Shape><Polygon POINTS="632 2656 626 2714 2047 2714 2053 2673 2047 2586 632 2569 632 2656"/></Shape>
	    <String CONTENT="acoustume en son premier estat. Par" HPOS="626.0" VPOS="2569.0" WIDTH="1427.0" HEIGHT="145.0"/>
          </TextLine>

          
          
          <TextLine ID="eSc_line_1741cba3" TAGREFS="LT2245" BASELINE="626 2766 2088 2766" HPOS="626.0" VPOS="2679.0" WIDTH="1462.0" HEIGHT="145.0">
            <Shape><Polygon POINTS="2082 2679 626 2679 626 2766 626 2824 2088 2824 2088 2766 2088 2697 2082 2679"/></Shape>
	    <String CONTENT="cest example nous est donne a entendre" HPOS="626.0" VPOS="2679.0" WIDTH="1462.0" HEIGHT="145.0"/>
          </TextLine>

          
          
          <TextLine ID="eSc_line_44328ed4" TAGREFS="LT2245" BASELINE="626 2853 2018 2865" HPOS="620.0" VPOS="2772.0" WIDTH="1398.0" HEIGHT="139.0">
            <Shape><Polygon POINTS="1264 2772 1206 2772 1148 2772 1090 2772 1032 2772 974 2772 916 2772 858 2772 800 2772 742 2772 684 2772 626 2772 626 2853 620 2900 2007 2911 2018 2865 2013 2778 1316 2772 1264 2772"/></Shape>
	    <String CONTENT="que tel est bon ou poure ou ou moien" HPOS="620.0" VPOS="2772.0" WIDTH="1398.0" HEIGHT="139.0"/>
          </TextLine>

          
          
          <TextLine ID="eSc_line_037e0384" TAGREFS="LT2245" BASELINE="620 2958 2013 2963" HPOS="614.0" VPOS="2859.0" WIDTH="1399.0" HEIGHT="145.0">
            <Shape><Polygon POINTS="620 2958 614 3004 2007 3004 2013 2963 2007 2871 620 2859 620 2958"/></Shape>
	    <String CONTENT="estat qui empireroit sil lauoit plus" HPOS="614.0" VPOS="2859.0" WIDTH="1399.0" HEIGHT="145.0"/>
          </TextLine>

          
          
          <TextLine ID="eSc_line_52df48e9" TAGREFS="LT2245" BASELINE="620 3050 2042 3056" HPOS="614.0" VPOS="2963.0" WIDTH="1428.0" HEIGHT="128.0">
            <Shape><Polygon POINTS="1954 2963 1896 2963 1838 2963 1780 2963 1722 2963 1664 2963 1606 2963 1548 2963 1490 2963 1432 2963 1374 2963 1316 2963 1258 2963 1200 2963 1142 2963 1084 2963 1026 2963 968 2963 910 2963 852 2963 794 2963 736 2963 678 2963 620 2963 620 3050 614 3091 2036 3085 2042 3056 2036 2963 2013 2963 1954 2963"/></Shape>
	    <String CONTENT="grant. ou plus riche. et que cest grant" HPOS="614.0" VPOS="2963.0" WIDTH="1428.0" HEIGHT="128.0"/>
          </TextLine>

          
          
          <TextLine ID="eSc_line_ea6a7027" TAGREFS="LT2245" BASELINE="626 3143 1548 3137" HPOS="620.0" VPOS="3062.0" WIDTH="928.0" HEIGHT="122.0">
            <Shape><Polygon POINTS="626 3143 626 3184 1543 3184 1548 3137 1531 3062 620 3062 626 3143"/></Shape>
	    <String CONTENT="peril de plesgier autrui." HPOS="620.0" VPOS="3062.0" WIDTH="928.0" HEIGHT="122.0"/>
          </TextLine>

          
          
          <TextLine ID="eSc_line_c3a76ec0" TAGREFS="LT2246" BASELINE="626 3230 1954 3242" HPOS="620.0" VPOS="3143.0" WIDTH="1334.0" HEIGHT="139.0">
            <Shape><Polygon POINTS="1206 3143 1148 3143 1090 3143 1032 3143 974 3143 916 3143 858 3143 800 3143 742 3143 684 3143 626 3143 626 3230 620 3277 1943 3282 1954 3242 1949 3161 1287 3143 1264 3143"/></Shape>
	    <String CONTENT="Examples au propoz de honneur" HPOS="620.0" VPOS="3143.0" WIDTH="1334.0" HEIGHT="139.0"/>
          </TextLine>

          
          
          <TextLine ID="eSc_line_5779c675" TAGREFS="LT2245" BASELINE="632 3346 1984 3335" HPOS="626.0" VPOS="3242.0" WIDTH="1358.0" HEIGHT="156.0">
            <Shape><Polygon POINTS="632 3346 632 3398 1978 3387 1984 3335 1972 3248 626 3242 632 3346"/></Shape>
	    <String CONTENT="Cesaire raconte dun ione hõme de" HPOS="626.0" VPOS="3242.0" WIDTH="1358.0" HEIGHT="156.0"/>
          </TextLine>

          
          
          <TextLine ID="eSc_line_230cd128" TAGREFS="LT2245" BASELINE="620 3439 2088 3439" HPOS="620.0" VPOS="3358.0" WIDTH="1468.0" HEIGHT="139.0">
            <Shape><Polygon POINTS="2071 3422 2036 3358 620 3358 620 3439 620 3491 2082 3497 2088 3439 2082 3422 2071 3422"/></Shape>
	    <String CONTENT="moselle qui eut nom henri qui deceupt" HPOS="620.0" VPOS="3358.0" WIDTH="1468.0" HEIGHT="139.0"/>
          </TextLine>

          
          
          <TextLine ID="eSc_line_894660b4" TAGREFS="LT2245" BASELINE="614 3538 1995 3549" HPOS="609.0" VPOS="3445.0" WIDTH="1386.0" HEIGHT="145.0">
            <Shape><Polygon POINTS="614 3538 609 3584 1984 3590 1995 3549 1989 3462 614 3445 614 3538"/></Shape>
	    <String CONTENT="sa mere et fist tant enuers elle q̃lle" HPOS="609.0" VPOS="3445.0" WIDTH="1386.0" HEIGHT="145.0"/>
          </TextLine>

          
          
          <TextLine ID="eSc_line_4b360185" TAGREFS="LT2245" BASELINE="603 3642 2001 3642" HPOS="603.0" VPOS="3549.0" WIDTH="1398.0" HEIGHT="151.0">
            <Shape><Polygon POINTS="603 3642 603 3700 2001 3700 2001 3642 2001 3561 603 3549 603 3642"/></Shape>
	    <String CONTENT="lui donna tout le sien par condition" HPOS="603.0" VPOS="3549.0" WIDTH="1398.0" HEIGHT="151.0"/>
          </TextLine>

          
          
          <TextLine ID="eSc_line_e552627e" TAGREFS="LT2245" BASELINE="609 3741 1954 3735" HPOS="603.0" VPOS="3648.0" WIDTH="1351.0" HEIGHT="127.0">
            <Shape><Polygon POINTS="1415 3648 1357 3648 1299 3648 1241 3648 1183 3648 1125 3648 1067 3648 1009 3648 951 3648 893 3648 835 3648 777 3648 719 3648 667 3648 603 3659 609 3741 609 3775 1949 3775 1954 3735 1943 3659 1461 3648 1415 3648"/></Shape>
	    <String CONTENT="quil lui promist qiul lui aideroit a" HPOS="603.0" VPOS="3648.0" WIDTH="1351.0" HEIGHT="127.0"/>
          </TextLine>

          
          
          <TextLine ID="eSc_line_150f0da4" TAGREFS="LT2245" BASELINE="597 3822 1972 3833" HPOS="591.0" VPOS="3717.0" WIDTH="1381.0" HEIGHT="157.0">
            <Shape><Polygon POINTS="1931 3741 1873 3741 1815 3741 1757 3741 1699 3741 1641 3741 1583 3741 1525 3741 1467 3741 1409 3741 1351 3741 1293 3741 1235 3741 1177 3741 1119 3741 1061 3741 1003 3741 945 3741 887 3741 829 3741 771 3741 713 3741 655 3741 638 3717 597 3717 597 3822 591 3851 1960 3874 1972 3833 1966 3741 1931 3735 1931 3741"/></Shape>
	    <String CONTENT="uiure habondãment tant cõme elle" HPOS="591.0" VPOS="3717.0" WIDTH="1381.0" HEIGHT="157.0"/>
          </TextLine>

          
          
          <TextLine ID="eSc_line_f778cba0" TAGREFS="LT2245" BASELINE="603 3920 1931 3920" HPOS="603.0" VPOS="3828.0" WIDTH="1328.0" HEIGHT="145.0">
            <Shape><Polygon POINTS="1473 3833 1415 3833 1357 3833 1299 3833 1270 3828 1044 3828 1009 3828 951 3828 893 3828 835 3828 777 3828 719 3828 661 3828 603 3828 603 3920 603 3955 1925 3973 1931 3920 1931 3839 1485 3833 1473 3833"/></Shape>
	    <String CONTENT="uiuroit et ce fist il pour soy marier" HPOS="603.0" VPOS="3828.0" WIDTH="1328.0" HEIGHT="145.0"/>
          </TextLine>

          
          
          <TextLine ID="eSc_line_dacbb809" TAGREFS="LT2245" BASELINE="609 4019 2018 4019" HPOS="609.0" VPOS="3926.0" WIDTH="1409.0" HEIGHT="151.0">
            <Shape><Polygon POINTS="1305 3926 1247 3926 1189 3926 1131 3926 1073 3926 1015 3926 957 3926 899 3926 841 3926 783 3926 725 3926 667 3926 609 3926 609 4019 609 4077 2018 4077 2018 4019 2018 3932 1311 3926 1305 3926"/></Shape>
	    <String CONTENT="plus richement. La simple fẽme crut" HPOS="609.0" VPOS="3926.0" WIDTH="1409.0" HEIGHT="151.0"/>
          </TextLine>

          
          
          <TextLine ID="eSc_line_eec0c8ec" TAGREFS="LT2245" BASELINE="609 4112 1978 4123" HPOS="603.0" VPOS="4025.0" WIDTH="1375.0" HEIGHT="127.0">
            <Shape><Polygon POINTS="1247 4025 1189 4025 1131 4025 1073 4025 1015 4025 957 4025 899 4025 841 4025 783 4025 725 4025 667 4025 609 4025 609 4112 603 4152 1972 4147 1978 4123 1972 4031 1287 4025 1247 4025"/></Shape>
	    <String CONTENT="son filz et lui donna tout le sien espe" HPOS="603.0" VPOS="4025.0" WIDTH="1375.0" HEIGHT="127.0"/>
          </TextLine>

          
          
          <TextLine ID="eSc_line_057c70d6" TAGREFS="LT2245" BASELINE="609 4210 2071 4210" HPOS="609.0" VPOS="4129.0" WIDTH="1462.0" HEIGHT="139.0">
            <Shape><Polygon POINTS="2059 4193 2036 4129 609 4129 609 4210 609 4257 2065 4268 2071 4210 2065 4193 2059 4193"/></Shape>
	    <String CONTENT="rant quil lui tenroit ce quil lui auoit" HPOS="609.0" VPOS="4129.0" WIDTH="1462.0" HEIGHT="139.0"/>
          </TextLine>

          
          
          <TextLine ID="eSc_line_465b2457" TAGREFS="LT2245" BASELINE="603 4315 1960 4315" HPOS="603.0" VPOS="4216.0" WIDTH="1357.0" HEIGHT="151.0">
            <Shape><Polygon POINTS="603 4315 603 4367 1960 4367 1960 4315 1960 4228 603 4216 603 4315"/></Shape>
	    <String CONTENT="promis. Henri se maria a une riche" HPOS="603.0" VPOS="4216.0" WIDTH="1357.0" HEIGHT="151.0"/>
          </TextLine>

          
          
          <TextLine ID="eSc_line_a453e265" TAGREFS="LT2245" BASELINE="597 4408 1949 4408" HPOS="597.0" VPOS="4321.0" WIDTH="1352.0" HEIGHT="139.0">
            <Shape><Polygon POINTS="597 4408 597 4460 1949 4442 1949 4408 1943 4321 597 4321 597 4408"/></Shape>
	    <String CONTENT="fẽme. Et ne demoura gueres apres" HPOS="597.0" VPOS="4321.0" WIDTH="1352.0" HEIGHT="139.0"/>
          </TextLine>

          
          
          <TextLine ID="eSc_line_da0701d8" TAGREFS="LT2245" BASELINE="603 4506 1989 4506" HPOS="603.0" VPOS="4425.0" WIDTH="1386.0" HEIGHT="133.0">
            <Shape><Polygon POINTS="603 4506 603 4558 1989 4558 1989 4506 1989 4425 603 4425 603 4506"/></Shape>
	    <String CONTENT="quil bouta sa mere hors de sa maison" HPOS="603.0" VPOS="4425.0" WIDTH="1386.0" HEIGHT="133.0"/>
          </TextLine>

          
          
          <TextLine ID="eSc_line_89c9f82f" TAGREFS="LT2245" BASELINE="603 4593 2059 4593" HPOS="603.0" VPOS="4518.0" WIDTH="1456.0" HEIGHT="110.0">
            <Shape><Polygon POINTS="603 4593 603 4622 2053 4628 2059 4593 2059 4518 603 4518 603 4593"/></Shape>
	    <String CONTENT="et couuint la poure fẽme aler mendier" HPOS="603.0" VPOS="4518.0" WIDTH="1456.0" HEIGHT="110.0"/>
          </TextLine>

          
          
          <TextLine ID="eSc_line_1d1355ea" TAGREFS="LT2245" BASELINE="597 4692 2059 4680" HPOS="591.0" VPOS="4587.0" WIDTH="1468.0" HEIGHT="140.0">
            <Shape><Polygon POINTS="2042 4599 1560 4599 1519 4599 1461 4599 1403 4599 1345 4599 1287 4599 1229 4599 1171 4599 1113 4599 1055 4599 997 4599 939 4599 881 4599 823 4599 765 4599 707 4599 649 4599 643 4587 591 4587 597 4692 597 4721 2047 4727 2059 4680 2053 4669 2042 4599"/></Shape>
	    <String CONTENT="duys en huys. Et iassoit ce quelle pria" HPOS="591.0" VPOS="4587.0" WIDTH="1468.0" HEIGHT="140.0"/>
          </TextLine>

          
          
          <TextLine ID="eSc_line_a5804e7c" TAGREFS="LT2245" BASELINE="591 4779 2007 4790" HPOS="585.0" VPOS="4686.0" WIDTH="1422.0" HEIGHT="145.0">
            <Shape><Polygon POINTS="1287 4692 1229 4692 1171 4692 1113 4692 1055 4692 997 4692 939 4692 881 4692 823 4692 765 4692 707 4692 649 4692 591 4692 591 4779 585 4831 2001 4831 2007 4790 2001 4698 1287 4686 1287 4692"/></Shape>
	    <String CONTENT="son filz maintes fonz et lui remonstra" HPOS="585.0" VPOS="4686.0" WIDTH="1422.0" HEIGHT="145.0"/>
          </TextLine>

          
          
          <TextLine ID="eSc_line_afee3d02" TAGREFS="LT2245" BASELINE="591 4877 2053 4895" HPOS="585.0" VPOS="4785.0" WIDTH="1468.0" HEIGHT="145.0">
            <Shape><Polygon POINTS="1989 4796 591 4785 591 4877 585 4930 2047 4930 2053 4895 2036 4848 1989 4796"/></Shape>
	    <String CONTENT="les biens quelle lui auoit fais toutes" HPOS="585.0" VPOS="4785.0" WIDTH="1468.0" HEIGHT="145.0"/>
          </TextLine>

          
          
          <TextLine ID="eSc_line_74c17731" TAGREFS="LT2245" BASELINE="597 4970 1972 4988" HPOS="591.0" VPOS="4883.0" WIDTH="1381.0" HEIGHT="134.0">
            <Shape><Polygon POINTS="1931 4895 1873 4895 1815 4895 1757 4895 1699 4895 1641 4895 1583 4895 1525 4889 1467 4889 1409 4889 1351 4889 1293 4889 1235 4889 1177 4889 1119 4889 1079 4883 597 4883 597 4970 591 4999 1960 5017 1972 4988 1966 4895 1931 4895"/></Shape>
	    <String CONTENT="uoies il estoupoit ses oreilles et ne" HPOS="591.0" VPOS="4883.0" WIDTH="1381.0" HEIGHT="134.0"/>
          </TextLine>

          
          
          <TextLine ID="eSc_line_0c10f23b" TAGREFS="LT2245" BASELINE="585 5069 1960 5086" HPOS="580.0" VPOS="4976.0" WIDTH="1380.0" HEIGHT="145.0">
            <Shape><Polygon POINTS="1920 4988 1862 4988 1804 4988 1746 4988 1688 4988 1630 4988 1572 4988 1514 4988 1456 4982 1398 4982 1340 4982 1282 4982 1224 4982 1166 4982 1108 4982 1067 4976 585 4976 585 5069 580 5109 1949 5121 1960 5086 1954 4988 1920 4988"/></Shape>
	    <String CONTENT="la uoloit on, un iour uint quil seoit" HPOS="580.0" VPOS="4976.0" WIDTH="1380.0" HEIGHT="145.0"/>
          </TextLine>

          
          
          <TextLine ID="eSc_line_b9f289f5" TAGREFS="LT2245" BASELINE="580 5167 1908 5179" HPOS="574.0" VPOS="5080.0" WIDTH="1334.0" HEIGHT="128.0">
            <Shape><Polygon POINTS="580 5167 574 5196 1896 5208 1908 5179 1902 5092 580 5080 580 5167"/></Shape>
	    <String CONTENT="a table auec sa fẽme. Sa mere uint" HPOS="574.0" VPOS="5080.0" WIDTH="1334.0" HEIGHT="128.0"/>
          </TextLine>

          
          
          <TextLine ID="eSc_line_10b10a04" TAGREFS="LT2245" BASELINE="551 5260 2013 5283" HPOS="545.0" VPOS="5185.0" WIDTH="1468.0" HEIGHT="185.0">
            <Shape><Polygon POINTS="1067 5266 1009 5260 951 5260 899 5260 841 5254 783 5254 725 5254 667 5249 609 5249 551 5249 551 5260 545 5324 916 5370 922 5370 2007 5353 2013 5283 2013 5185 1119 5185 1067 5266"/></Shape>
	    <String CONTENT="demander laumosne a son huys. Lors" HPOS="545.0" VPOS="5185.0" WIDTH="1468.0" HEIGHT="185.0"/>
          </TextLine>

          
        </TextBlock>
        
        <TextBlock HPOS="2320.0" VPOS="928.0" WIDTH="1572.0" HEIGHT="4402.0" ID="eSc_textblock_4dcfee1a" TAGREFS="BT6627">
          <Shape><Polygon POINTS="3892 2847 3776 3039 3822 3219 3753 3364 3869 3688 3799 3944 3846 4843 3706 5330 2390 5307 2320 5191 2320 1299 2366 974 2622 928 3776 928 3869 1044 3869 2499 3799 2708"/></Shape>
          
          
          <TextLine ID="eSc_line_2d4f8607" TAGREFS="LT2245" BASELINE="2384 1044 3770 1026" HPOS="2378.0" VPOS="933.0" WIDTH="1392.0" HEIGHT="163.0">
            <Shape><Polygon POINTS="3712 933 3654 933 3596 933 3538 933 3480 933 3422 933 3364 933 3306 933 3248 933 3190 933 3132 933 3074 933 3016 933 2958 933 2900 933 2842 933 2784 933 2726 933 2668 933 2610 933 2552 939 2494 951 2436 957 2378 968 2384 1044 2384 1096 3764 1067 3770 1026 3753 933 3712 933"/></Shape>
	    <String CONTENT="dist cil a sa fẽme. uela dist il ce deable" HPOS="2378.0" VPOS="933.0" WIDTH="1392.0" HEIGHT="163.0"/>
          </TextLine>

          
          
          <TextLine ID="eSc_line_6bcbb857" TAGREFS="LT2245" BASELINE="2384 1142 3863 1131" HPOS="2378.0" VPOS="1044.0" WIDTH="1485.0" HEIGHT="139.0">
            <Shape><Polygon POINTS="2384 1142 2384 1183 3863 1160 3863 1131 3846 1044 2378 1055 2384 1142"/></Shape>
	    <String CONTENT="a nostre huys on le mecte dedens Tandis" HPOS="2378.0" VPOS="1044.0" WIDTH="1485.0" HEIGHT="139.0"/>
          </TextLine>

          
          
          <TextLine ID="eSc_line_0441f1f1" TAGREFS="LT2245" BASELINE="2384 1241 3764 1241" HPOS="2384.0" VPOS="1148.0" WIDTH="1380.0" HEIGHT="128.0">
            <Shape><Polygon POINTS="2384 1241 2384 1276 3764 1270 3764 1241 3764 1154 2384 1148 2384 1241"/></Shape>
	    <String CONTENT="quon ala querir sa mere il fist hoster" HPOS="2384.0" VPOS="1148.0" WIDTH="1380.0" HEIGHT="128.0"/>
          </TextLine>

          
          
          <TextLine ID="eSc_line_4514558e" TAGREFS="LT2245" BASELINE="2349 1322 3799 1334" HPOS="2343.0" VPOS="1229.0" WIDTH="1456.0" HEIGHT="145.0">
            <Shape><Polygon POINTS="3741 1247 3683 1247 3625 1247 3567 1247 3509 1247 3451 1247 3393 1247 3335 1247 3277 1247 3219 1247 3161 1247 3103 1247 3045 1247 2987 1247 2929 1247 2871 1247 2813 1247 2755 1247 2697 1247 2639 1247 2581 1247 2523 1247 2465 1247 2407 1247 2401 1235 2349 1235 2349 1322 2343 1374 3793 1374 3799 1334 3788 1229 3747 1229 3741 1247"/></Shape>
	    <String CONTENT="un poulet, quil auoit deuant lui et le" HPOS="2343.0" VPOS="1229.0" WIDTH="1456.0" HEIGHT="145.0"/>
          </TextLine>

          
          
          <TextLine ID="eSc_line_387b0581" TAGREFS="LT2245" BASELINE="2384 1432 3834 1415" HPOS="2378.0" VPOS="1339.0" WIDTH="1456.0" HEIGHT="145.0">
            <Shape><Polygon POINTS="2384 1432 2384 1484 3828 1455 3834 1415 3817 1339 2378 1351 2384 1432"/></Shape>
	    <String CONTENT="fist mucier afin qne sa mere nen men" HPOS="2378.0" VPOS="1339.0" WIDTH="1456.0" HEIGHT="145.0"/>
          </TextLine>

          
          
          <TextLine ID="eSc_line_1a27984e" TAGREFS="LT2245" BASELINE="2378 1531 3834 1519" HPOS="2372.0" VPOS="1421.0" WIDTH="1462.0" HEIGHT="168.0">
            <Shape><Polygon POINTS="2378 1531 2378 1589 3828 1554 3834 1519 3817 1421 2372 1450 2378 1531"/></Shape>
	    <String CONTENT="gast, Quant la poure fẽme fu deuant" HPOS="2372.0" VPOS="1421.0" WIDTH="1462.0" HEIGHT="168.0"/>
          </TextLine>

          
          
          <TextLine ID="eSc_line_3a34f303" TAGREFS="LT2245" BASELINE="2378 1629 3799 1612" HPOS="2372.0" VPOS="1525.0" WIDTH="1427.0" HEIGHT="139.0">
            <Shape><Polygon POINTS="3764 1525 3706 1525 3648 1525 3590 1525 3532 1525 3474 1525 3416 1525 3376 1525 2372 1548 2378 1629 2378 1664 3793 1647 3799 1612 3782 1525 3764 1525"/></Shape>
	    <String CONTENT="son filz, elle lui pria doulcement quil" HPOS="2372.0" VPOS="1525.0" WIDTH="1427.0" HEIGHT="139.0"/>
          </TextLine>

          
          
          <TextLine ID="eSc_line_289ab613" TAGREFS="LT2245" BASELINE="2366 1711 3793 1728" HPOS="2361.0" VPOS="1606.0" WIDTH="1432.0" HEIGHT="163.0">
            <Shape><Polygon POINTS="3063 1624 3005 1624 2946 1624 2888 1624 2830 1629 2772 1629 2714 1629 2656 1629 2598 1629 2540 1629 2482 1629 2424 1629 2419 1606 2366 1606 2366 1711 2361 1769 3788 1769 3793 1728 3793 1641 3080 1624 3063 1624"/></Shape>
	    <String CONTENT="uousist, auoir pitie delle , et li remon" HPOS="2361.0" VPOS="1606.0" WIDTH="1432.0" HEIGHT="163.0"/>
          </TextLine>

          
          
          <TextLine ID="eSc_line_15edc9ef" TAGREFS="LT2245" BASELINE="2378 1821 3857 1821" HPOS="2378.0" VPOS="1740.0" WIDTH="1479.0" HEIGHT="139.0">
            <Shape><Polygon POINTS="2378 1821 2378 1879 3857 1856 3857 1821 3846 1740 2378 1740 2378 1821"/></Shape>
	    <String CONTENT="stra cõme autrefois cõment elle estoit" HPOS="2378.0" VPOS="1740.0" WIDTH="1479.0" HEIGHT="139.0"/>
          </TextLine>

          
          
          <TextLine ID="eSc_line_c63f1bf2" TAGREFS="LT2245" BASELINE="2384 1908 3822 1925" HPOS="2378.0" VPOS="1827.0" WIDTH="1444.0" HEIGHT="133.0">
            <Shape><Polygon POINTS="3776 1827 3718 1827 3660 1827 3602 1827 3544 1827 3486 1827 3428 1827 3370 1827 3312 1827 3254 1827 3196 1827 3138 1827 3080 1827 3022 1827 2964 1827 2906 1827 2848 1827 2790 1827 2732 1827 2674 1827 2616 1827 2558 1827 2500 1827 2442 1827 2384 1827 2384 1908 2378 1954 3811 1960 3822 1925 3811 1827 3776 1827"/></Shape>
	    <String CONTENT="sa mere. les biens quelle lui auoit fais" HPOS="2378.0" VPOS="1827.0" WIDTH="1444.0" HEIGHT="133.0"/>
          </TextLine>

          
          
          <TextLine ID="eSc_line_27a30f75" TAGREFS="LT2245" BASELINE="2384 2001 3822 2018" HPOS="2378.0" VPOS="1919.0" WIDTH="1444.0" HEIGHT="134.0">
            <Shape><Polygon POINTS="3776 1925 3718 1925 3660 1925 3602 1925 3544 1925 3486 1925 3428 1925 3370 1925 3312 1919 3254 1919 3196 1919 3138 1919 3080 1919 3022 1919 2964 1919 2906 1919 2384 1919 2384 2001 2378 2047 3811 2053 3822 2018 3817 1925 3776 1925"/></Shape>
	    <String CONTENT="et la promesse qu il lui auoit fait Mais" HPOS="2378.0" VPOS="1919.0" WIDTH="1444.0" HEIGHT="134.0"/>
          </TextLine>

          
          
          <TextLine ID="eSc_line_8cee592b" TAGREFS="LT2245" BASELINE="2390 2105 3811 2105" HPOS="2390.0" VPOS="2018.0" WIDTH="1421.0" HEIGHT="133.0">
            <Shape><Polygon POINTS="2390 2105 2390 2151 3811 2151 3811 2105 3805 2018 2390 2018 2390 2105"/></Shape>
	    <String CONTENT="il ne la uoult plus escouter, ains la fist" HPOS="2390.0" VPOS="2018.0" WIDTH="1421.0" HEIGHT="133.0"/>
          </TextLine>

          
          
          <TextLine ID="eSc_line_322bcda9" TAGREFS="LT2245" BASELINE="2390 2198 3846 2209" HPOS="2384.0" VPOS="2117.0" WIDTH="1462.0" HEIGHT="116.0">
            <Shape><Polygon POINTS="2390 2198 2384 2221 3834 2233 3846 2209 3840 2122 2390 2117 2390 2198"/></Shape>
	    <String CONTENT="moult rudement bouter hors de sa mai" HPOS="2384.0" VPOS="2117.0" WIDTH="1462.0" HEIGHT="116.0"/>
          </TextLine>

          
          
          <TextLine ID="eSc_line_a56d9734" TAGREFS="LT2245" BASELINE="2378 2291 3776 2302" HPOS="2372.0" VPOS="2204.0" WIDTH="1404.0" HEIGHT="127.0">
            <Shape><Polygon POINTS="2378 2291 2372 2331 3770 2325 3776 2302 3770 2215 2378 2204 2378 2291"/></Shape>
	    <String CONTENT="son et lui dist moult de grosses paroles" HPOS="2372.0" VPOS="2204.0" WIDTH="1404.0" HEIGHT="127.0"/>
          </TextLine>

          
          
          <TextLine ID="eSc_line_1cde2ce7" TAGREFS="LT2245" BASELINE="2378 2383 3857 2383" HPOS="2378.0" VPOS="2302.0" WIDTH="1479.0" HEIGHT="134.0">
            <Shape><Polygon POINTS="3712 2302 3654 2302 3596 2302 3538 2302 3480 2302 3422 2302 3364 2302 3306 2302 3248 2302 3190 2302 3132 2302 2378 2302 2378 2383 2378 2430 3851 2436 3857 2383 3840 2302 3770 2302 3712 2302"/></Shape>
	    <String CONTENT="et iniurieuses, Et si tost quelle fu dehors" HPOS="2378.0" VPOS="2302.0" WIDTH="1479.0" HEIGHT="134.0"/>
          </TextLine>

          
          
          <TextLine ID="eSc_line_7d028e06" TAGREFS="LT2245" BASELINE="2378 2476 3846 2476" HPOS="2378.0" VPOS="2395.0" WIDTH="1468.0" HEIGHT="128.0">
            <Shape><Polygon POINTS="2378 2476 2378 2523 3846 2511 3846 2476 3846 2395 2378 2395 2378 2476"/></Shape>
	    <String CONTENT="il demanda son poulet, Le uallet lala que" HPOS="2378.0" VPOS="2395.0" WIDTH="1468.0" HEIGHT="128.0"/>
          </TextLine>

          
          
          <TextLine ID="eSc_line_1311efd3" TAGREFS="LT2245" BASELINE="2372 2581 3741 2569" HPOS="2366.0" VPOS="2476.0" WIDTH="1375.0" HEIGHT="151.0">
            <Shape><Polygon POINTS="3701 2482 3643 2482 3585 2482 3527 2482 3469 2482 3411 2482 3353 2482 3295 2482 3237 2482 3179 2482 3121 2482 3063 2482 3005 2482 2946 2482 2888 2482 2830 2482 2772 2482 2714 2482 2656 2482 2598 2482 2540 2482 2482 2482 2424 2482 2419 2476 2366 2476 2372 2581 2372 2627 3735 2627 3741 2569 3730 2482 3701 2482"/></Shape>
	    <String CONTENT="rir. Mais si tost cõme il descouuri" HPOS="2366.0" VPOS="2476.0" WIDTH="1375.0" HEIGHT="151.0"/>
          </TextLine>

          
          
          <TextLine ID="eSc_line_ad78d3cf" TAGREFS="LT2245" BASELINE="2366 2679 3770 2662" HPOS="2361.0" VPOS="2581.0" WIDTH="1409.0" HEIGHT="145.0">
            <Shape><Polygon POINTS="2366 2679 2366 2726 3764 2702 3770 2662 3753 2581 2361 2586 2366 2679"/></Shape>
	    <String CONTENT="lescuielle Il trouua un serpent ou lieu" HPOS="2361.0" VPOS="2581.0" WIDTH="1409.0" HEIGHT="145.0"/>
          </TextLine>

          
          
          <TextLine ID="eSc_line_a54e45a9" TAGREFS="LT2245" BASELINE="2361 2760 3764 2772" HPOS="2355.0" VPOS="2673.0" WIDTH="1409.0" HEIGHT="134.0">
            <Shape><Polygon POINTS="2825 2679 2767 2679 2709 2679 2651 2679 2593 2679 2535 2679 2477 2679 2419 2679 2361 2679 2361 2760 2355 2801 3753 2807 3764 2772 3753 2673 2842 2673 2825 2679"/></Shape>
	    <String CONTENT="du poulet, dont il eut grant paour et" HPOS="2355.0" VPOS="2673.0" WIDTH="1409.0" HEIGHT="134.0"/>
          </TextLine>

          
          
          <TextLine ID="eSc_line_1a0ccf21" TAGREFS="LT2245" BASELINE="2366 2865 3869 2865" HPOS="2366.0" VPOS="2772.0" WIDTH="1503.0" HEIGHT="139.0">
            <Shape><Polygon POINTS="3834 2778 2366 2772 2366 2865 2366 2911 3869 2905 3869 2865 3863 2853 3834 2778"/></Shape>
	    <String CONTENT="le couru dire a son maistre. Son maistre" HPOS="2366.0" VPOS="2772.0" WIDTH="1503.0" HEIGHT="139.0"/>
          </TextLine>

          
          
          <TextLine ID="eSc_line_61666e60" TAGREFS="LT2245" BASELINE="2366 2969 3793 2969" HPOS="2366.0" VPOS="2876.0" WIDTH="1427.0" HEIGHT="145.0">
            <Shape><Polygon POINTS="2366 2969 2366 3021 3793 3004 3793 2969 3793 2882 2366 2876 2366 2969"/></Shape>
	    <String CONTENT="ne le crut pas, ains y enuoia une pu" HPOS="2366.0" VPOS="2876.0" WIDTH="1427.0" HEIGHT="145.0"/>
          </TextLine>

          
          
          <TextLine ID="eSc_line_34ea433b" TAGREFS="LT2245" BASELINE="2372 3050 3735 3068" HPOS="2366.0" VPOS="2975.0" WIDTH="1369.0" HEIGHT="116.0">
            <Shape><Polygon POINTS="3242 2975 3184 2975 3126 2975 3068 2975 3010 2975 2952 2975 2894 2975 2836 2975 2778 2975 2720 2975 2662 2975 2604 2975 2546 2975 2488 2975 2430 2975 2372 2975 2372 3050 2366 3091 3730 3091 3735 3068 3730 2981 3277 2975 3242 2975"/></Shape>
	    <String CONTENT="celle et celle lui dist que uoirement" HPOS="2366.0" VPOS="2975.0" WIDTH="1369.0" HEIGHT="116.0"/>
          </TextLine>

          
          
          <TextLine ID="eSc_line_3bbc0585" TAGREFS="LT2245" BASELINE="2366 3149 3741 3161" HPOS="2361.0" VPOS="3062.0" WIDTH="1380.0" HEIGHT="128.0">
            <Shape><Polygon POINTS="2366 3149 2361 3190 3735 3184 3741 3161 3735 3074 2366 3062 2366 3149"/></Shape>
	    <String CONTENT="cestoit un serpent. il ne le crut pas" HPOS="2361.0" VPOS="3062.0" WIDTH="1380.0" HEIGHT="128.0"/>
          </TextLine>

          
          
          <TextLine ID="eSc_line_1de4a591" TAGREFS="LT2245" BASELINE="2366 3253 3793 3253" HPOS="2366.0" VPOS="3161.0" WIDTH="1427.0" HEIGHT="121.0">
            <Shape><Polygon POINTS="2366 3253 2366 3282 3793 3282 3793 3253 3788 3161 2366 3161 2366 3253"/></Shape>
	    <String CONTENT="encore, ains se leua et dist Se cestoit" HPOS="2366.0" VPOS="3161.0" WIDTH="1427.0" HEIGHT="121.0"/>
          </TextLine>

          
          
          <TextLine ID="eSc_line_b2008f03" TAGREFS="LT2245" BASELINE="2366 3352 3718 3358" HPOS="2361.0" VPOS="3259.0" WIDTH="1357.0" HEIGHT="139.0">
            <Shape><Polygon POINTS="3411 3259 3353 3259 3295 3259 3237 3259 3179 3259 3121 3259 3063 3259 3005 3259 2946 3259 2888 3259 2830 3259 2772 3259 2714 3259 2656 3259 2598 3259 2540 3259 2482 3259 2424 3259 2366 3259 2366 3352 2361 3387 3706 3398 3718 3358 3712 3265 3440 3259 3411 3259"/></Shape>
	    <String CONTENT="dist il un deable si le hosteray ie de" HPOS="2361.0" VPOS="3259.0" WIDTH="1357.0" HEIGHT="139.0"/>
          </TextLine>

          
          
          <TextLine ID="eSc_line_9971878c" TAGREFS="LT2245" BASELINE="2366 3439 3712 3462" HPOS="2361.0" VPOS="3358.0" WIDTH="1351.0" HEIGHT="145.0">
            <Shape><Polygon POINTS="3005 3358 2946 3358 2888 3358 2830 3358 2772 3358 2714 3358 2656 3358 2598 3358 2540 3358 2482 3358 2424 3358 2366 3358 2366 3439 2361 3468 3701 3503 3712 3462 3706 3369 3034 3358 3005 3358"/></Shape>
	    <String CONTENT="lescuielle. Si tost cõme il approcha" HPOS="2361.0" VPOS="3358.0" WIDTH="1351.0" HEIGHT="145.0"/>
          </TextLine>

          
          
          <TextLine ID="eSc_line_dc183e7a" TAGREFS="LT2245" BASELINE="2361 3555 3718 3555" HPOS="2361.0" VPOS="3445.0" WIDTH="1357.0" HEIGHT="145.0">
            <Shape><Polygon POINTS="2361 3555 2361 3590 3718 3590 3718 3555 3718 3468 2361 3445 2361 3555"/></Shape>
	    <String CONTENT="de lescuielle le serpent lui sailli au" HPOS="2361.0" VPOS="3445.0" WIDTH="1357.0" HEIGHT="145.0"/>
          </TextLine>

          
          
          <TextLine ID="eSc_line_3faf9202" TAGREFS="LT2245" BASELINE="2349 3642 3747 3654" HPOS="2343.0" VPOS="3538.0" WIDTH="1404.0" HEIGHT="145.0">
            <Shape><Polygon POINTS="3683 3561 3625 3561 3567 3561 3509 3561 3451 3561 3393 3561 3335 3561 3277 3561 3219 3561 3161 3561 3103 3561 3045 3561 2987 3561 2929 3561 2871 3561 2813 3561 2755 3561 2697 3561 2639 3561 2581 3561 2523 3561 2465 3561 2407 3561 2401 3538 2349 3538 2349 3642 2343 3671 3735 3683 3747 3654 3741 3549 3683 3543 3683 3561"/></Shape>
	    <String CONTENT="uisage et sentortilla entour son col" HPOS="2343.0" VPOS="3538.0" WIDTH="1404.0" HEIGHT="145.0"/>
          </TextLine>

          
          
          <TextLine ID="eSc_line_557af246" TAGREFS="LT2245" BASELINE="2361 3735 3857 3746" HPOS="2355.0" VPOS="3648.0" WIDTH="1502.0" HEIGHT="145.0">
            <Shape><Polygon POINTS="3834 3648 3695 3648 3695 3654 3637 3654 3579 3654 3521 3654 3463 3654 3405 3654 3347 3654 3289 3654 3231 3654 3173 3654 3115 3654 3057 3654 2999 3648 2941 3648 2883 3648 2825 3648 2767 3648 2709 3648 2651 3648 2593 3648 2535 3648 2477 3648 2419 3648 2361 3648 2361 3735 2355 3781 3846 3793 3857 3746 3851 3712 3834 3648"/></Shape>
	    <String CONTENT="tellement quen .xiiii. ans tous entiers" HPOS="2355.0" VPOS="3648.0" WIDTH="1502.0" HEIGHT="145.0"/>
          </TextLine>

          
          
          <TextLine ID="eSc_line_076501d2" TAGREFS="LT2245" BASELINE="2361 3833 3811 3828" HPOS="2355.0" VPOS="3741.0" WIDTH="1456.0" HEIGHT="150.0">
            <Shape><Polygon POINTS="3747 3746 3689 3746 3631 3746 3573 3746 3515 3746 3457 3746 3399 3746 3341 3746 3283 3746 3225 3746 3167 3746 3109 3746 3074 3741 2355 3746 2361 3833 2361 3874 3799 3891 3811 3828 3793 3746 3747 3746"/></Shape>
	    <String CONTENT="on ne len peut rauoir et fu le maleu" HPOS="2355.0" VPOS="3741.0" WIDTH="1456.0" HEIGHT="150.0"/>
          </TextLine>

          
          
          <TextLine ID="eSc_line_0a1f4986" TAGREFS="LT2245" BASELINE="2361 3920 3782 3932" HPOS="2355.0" VPOS="3833.0" WIDTH="1427.0" HEIGHT="128.0">
            <Shape><Polygon POINTS="2361 3920 2355 3961 3776 3961 3782 3932 3776 3851 2361 3833 2361 3920"/></Shape>
	    <String CONTENT="reux en grant paine et en grant tour" HPOS="2355.0" VPOS="3833.0" WIDTH="1427.0" HEIGHT="128.0"/>
          </TextLine>

          
          
          <TextLine ID="eSc_line_6c220840" TAGREFS="LT2245" BASELINE="2361 4019 3776 4042" HPOS="2355.0" VPOS="3926.0" WIDTH="1421.0" HEIGHT="139.0">
            <Shape><Polygon POINTS="2361 4019 2355 4060 3764 4065 3776 4042 3770 3949 2361 3926 2361 4019"/></Shape>
	    <String CONTENT="ment et se enfla son uisage tellem̃t" HPOS="2355.0" VPOS="3926.0" WIDTH="1421.0" HEIGHT="139.0"/>
          </TextLine>

          
          
          <TextLine ID="eSc_line_91468518" TAGREFS="LT2245" BASELINE="2349 4118 3735 4135" HPOS="2343.0" VPOS="4025.0" WIDTH="1392.0" HEIGHT="139.0">
            <Shape><Polygon POINTS="2349 4118 2343 4164 3730 4164 3735 4135 3735 4048 2349 4025 2349 4118"/></Shape>
	    <String CONTENT="quil perdi ses yeux et le menoit on" HPOS="2343.0" VPOS="4025.0" WIDTH="1392.0" HEIGHT="139.0"/>
          </TextLine>

          
          
          <TextLine ID="eSc_line_2c379b48" TAGREFS="LT2245" BASELINE="2343 4216 3793 4234" HPOS="2337.0" VPOS="4129.0" WIDTH="1456.0" HEIGHT="134.0">
            <Shape><Polygon POINTS="2343 4216 2337 4257 3782 4263 3793 4234 3788 4147 2343 4129 2343 4216"/></Shape>
	    <String CONTENT="de saint en saint pour lui trouuer ga" HPOS="2337.0" VPOS="4129.0" WIDTH="1456.0" HEIGHT="134.0"/>
          </TextLine>

          
          
          <TextLine ID="eSc_line_be7434e7" TAGREFS="LT2245" BASELINE="2343 4315 3747 4326" HPOS="2337.0" VPOS="4228.0" WIDTH="1410.0" HEIGHT="139.0">
            <Shape><Polygon POINTS="3735 4234 3677 4234 3619 4234 3561 4234 3503 4234 3445 4234 3387 4234 3329 4234 3271 4228 3213 4228 3155 4228 3097 4228 3039 4228 2981 4228 2923 4228 2865 4228 2343 4228 2343 4315 2337 4350 3735 4367 3747 4326 3741 4234 3735 4234"/></Shape>
	    <String CONTENT="rison. Sa mere mesmes eut pitie de" HPOS="2337.0" VPOS="4228.0" WIDTH="1410.0" HEIGHT="139.0"/>
          </TextLine>

          
          
          <TextLine ID="eSc_line_41efc52f" TAGREFS="LT2245" BASELINE="2349 4408 3811 4419" HPOS="2343.0" VPOS="4315.0" WIDTH="1468.0" HEIGHT="139.0">
            <Shape><Polygon POINTS="3741 4326 3683 4326 3625 4326 3567 4326 3509 4326 3451 4326 3393 4326 3335 4326 3277 4326 3219 4326 3161 4326 3103 4326 3045 4326 2987 4321 2929 4321 2871 4321 2813 4321 2755 4321 2697 4321 2639 4321 2581 4321 2523 4321 2465 4321 2407 4321 2349 4321 2349 4408 2343 4448 3799 4454 3811 4419 3805 4321 3741 4315 3741 4326"/></Shape>
	    <String CONTENT="lu et le sieuuoit partout ou il aloit" HPOS="2343.0" VPOS="4315.0" WIDTH="1468.0" HEIGHT="139.0"/>
          </TextLine>

          
          
          <TextLine ID="eSc_line_d39c1633" TAGREFS="LT2245" BASELINE="2343 4500 3799 4518" HPOS="2337.0" VPOS="4413.0" WIDTH="1462.0" HEIGHT="128.0">
            <Shape><Polygon POINTS="2343 4500 2337 4524 3788 4541 3799 4518 3793 4425 2343 4413 2343 4500"/></Shape>
	    <String CONTENT="et finablement il en moru miserable" HPOS="2337.0" VPOS="4413.0" WIDTH="1462.0" HEIGHT="128.0"/>
          </TextLine>

          
          
          <TextLine ID="eSc_line_59fde3e6" TAGREFS="LT2245" BASELINE="2349 4593 3846 4611" HPOS="2343.0" VPOS="4506.0" WIDTH="1503.0" HEIGHT="151.0">
            <Shape><Polygon POINTS="3335 4518 3329 4512 2349 4506 2349 4593 2343 4622 3834 4657 3846 4611 3846 4524 3347 4518 3335 4518"/></Shape>
	    <String CONTENT="ment Cest mauuais pechie et damp" HPOS="2343.0" VPOS="4506.0" WIDTH="1503.0" HEIGHT="151.0"/>
          </TextLine>

          
          
          <TextLine ID="eSc_line_1f23a4ac" TAGREFS="LT2245" BASELINE="2349 4698 3689 4698" HPOS="2349.0" VPOS="4616.0" WIDTH="1340.0" HEIGHT="128.0">
            <Shape><Polygon POINTS="2349 4698 2349 4738 3683 4744 3689 4698 3689 4616 2349 4616 2349 4698"/></Shape>
	    <String CONTENT="nable de deshonnorer pere ne mere" HPOS="2349.0" VPOS="4616.0" WIDTH="1340.0" HEIGHT="128.0"/>
          </TextLine>

          
          
          <TextLine ID="eSc_line_b59f82d3" TAGREFS="LT2245" BASELINE="2343 4785 3828 4802" HPOS="2337.0" VPOS="4692.0" WIDTH="1491.0" HEIGHT="151.0">
            <Shape><Polygon POINTS="3811 4692 3683 4692 3677 4703 3619 4703 3561 4703 3503 4703 3445 4703 3387 4703 3329 4703 3271 4703 3213 4703 3155 4703 3097 4703 3039 4703 2981 4703 2923 4703 2865 4703 2807 4703 2749 4703 2691 4703 2633 4703 2575 4703 2517 4703 2459 4703 2401 4703 2343 4698 2343 4785 2337 4843 3822 4843 3828 4802 3817 4698 3811 4692"/></Shape>
	    <String CONTENT="Ains les doit on toudiz aidier en leurs" HPOS="2337.0" VPOS="4692.0" WIDTH="1491.0" HEIGHT="151.0"/>
          </TextLine>

          
          
          <TextLine ID="eSc_line_ef6118ae" TAGREFS="LT2245" BASELINE="2355 4895 2784 4883" HPOS="2349.0" VPOS="4802.0" WIDTH="435.0" HEIGHT="133.0">
            <Shape><Polygon POINTS="2355 4895 2355 4930 2778 4935 2784 4883 2767 4802 2349 4802 2355 4895"/></Shape>
	    <String CONTENT="necessitez." HPOS="2349.0" VPOS="4802.0" WIDTH="435.0" HEIGHT="133.0"/>
          </TextLine>

          
          
          <TextLine ID="eSc_line_4846811d" TAGREFS="LT2245" BASELINE="2413 4993 3799 5005" HPOS="2407.0" VPOS="4895.0" WIDTH="1392.0" HEIGHT="156.0">
            <Shape><Polygon POINTS="3776 4906 2413 4895 2413 4993 2407 5040 3788 5051 3799 5005 3793 4993 3776 4906"/></Shape>
	    <String CONTENT="u tamps que les normans gaste" HPOS="2407.0" VPOS="4895.0" WIDTH="1392.0" HEIGHT="156.0"/>
          </TextLine>

          
          
          <TextLine ID="eSc_line_3d0a9e58" TAGREFS="LT2245" BASELINE="2349 5080 3741 5104" HPOS="2343.0" VPOS="4999.0" WIDTH="1398.0" HEIGHT="134.0">
            <Shape><Polygon POINTS="2349 5080 2343 5127 3730 5133 3741 5104 3735 5011 2349 4999 2349 5080"/></Shape>
	    <String CONTENT="rent pres que tout le royaulme de" HPOS="2343.0" VPOS="4999.0" WIDTH="1398.0" HEIGHT="134.0"/>
          </TextLine>

          
          
          <TextLine ID="eSc_line_347d69a9" TAGREFS="LT2245" BASELINE="2343 5179 3776 5191" HPOS="2337.0" VPOS="5092.0" WIDTH="1439.0" HEIGHT="133.0">
            <Shape><Polygon POINTS="3735 5179 3677 5104 3619 5104 3561 5104 3503 5104 3445 5104 3387 5098 3329 5098 3271 5098 3213 5098 3155 5098 3097 5098 3068 5092 2343 5092 2343 5179 2337 5225 3770 5225 3776 5191 3770 5098 3764 5092 3735 5179"/></Shape>
	    <String CONTENT="france. Le corps de mon seigneur saĩt" HPOS="2337.0" VPOS="5092.0" WIDTH="1439.0" HEIGHT="133.0"/>
          </TextLine>

          
          
          <TextLine ID="eSc_line_60281ba8" TAGREFS="LT2245" BASELINE="2355 5266 3747 5289" HPOS="2349.0" VPOS="5191.0" WIDTH="1398.0" HEIGHT="214.0">
            <Shape><Polygon POINTS="2355 5237 2355 5266 2349 5330 2500 5376 2506 5376 2511 5376 2680 5347 2720 5382 2720 5388 2726 5388 2732 5388 2738 5388 3045 5347 3138 5394 3144 5394 3150 5394 3393 5353 3451 5399 3457 5399 3463 5399 3469 5405 3625 5405 3625 5399 3631 5399 3741 5353 3747 5289 3741 5196 2401 5191 2355 5237"/></Shape>
	    <String CONTENT="martin fu porte de tours a auxerre" HPOS="2349.0" VPOS="5191.0" WIDTH="1398.0" HEIGHT="214.0"/>
          </TextLine>

          
        </TextBlock>
        
        <TextBlock HPOS="3735.0" VPOS="742.0" WIDTH="343.0" HEIGHT="133.0" ID="eSc_textblock_6a96a255" TAGREFS="BT6631">
          <Shape><Polygon POINTS="4031 742 4078 829 3735 875 3759 742"/></Shape>
          
        </TextBlock>
        
        <TextBlock HPOS="4269.0" VPOS="510.0" WIDTH="226.0" HEIGHT="133.0" ID="eSc_textblock_a5ee4348" TAGREFS="BT6630">
          <Shape><Polygon POINTS="4495 533 4488 620 4269 643 4339 510"/></Shape>
          
        </TextBlock>
        

        
      </PrintSpace>
    </Page>
  </Layout>
</alto>
