4960 6960
1287.0 933.0 1491.0 151.0 arbre en cuideroies tu faire. uraiement

1282.0 1038.0 1496.0 127.0 il ne porroit amender ne rien ualoir

1282.0 1125.0 1450.0 139.0 Ainsi est ce. Car tu espoentes telle

1299.0 1229.0 1375.0 139.0 ment tes moines par batures et

1287.0 1322.0 1346.0 139.0 par menaces quilz ne se peuent

1282.0 1421.0 1485.0 139.0 espandre ne amender ains croissent

1276.0 1513.0 1473.0 145.0 chascun iour en la haine de toy et

1276.0 1606.0 638.0 139.0 de la religion.

1253.0 1687.0 1473.0 157.0 Ung abbe doit auoir cõpassion des pecheͬs

1282.0 1803.0 1496.0 140.0 n treuue en la uie des peres que

1270.0 1914.0 1502.0 133.0 Un moine fu qui fu souuent temp

1270.0 2001.0 1433.0 150.0 te dun ort et uis pechie dont il se

1282.0 2111.0 1421.0 127.0 confessa a son abbe. Son abbe fu

1270.0 2198.0 1386.0 133.0 rude et fol et moult blasma son

1282.0 2273.0 1461.0 163.0 moine et espoenta et lui dist quil

1276.0 2389.0 1479.0 145.0 nestoit pas digne destre moine lui

1276.0 2482.0 1456.0 145.0 qui si uilment et ordement estoit

1282.0 2581.0 1496.0 139.0 tempte Il mist par sa folie le moine

1270.0 2679.0 1485.0 139.0 en desespoir Car il laissa son abbaie

1270.0 2784.0 1485.0 121.0 tout confus et retourna au monde

1270.0 2871.0 1381.0 139.0 En alant son chemin il encontra

1270.0 2969.0 1462.0 145.0 labbe apollonius qui lui demanda

1276.0 3074.0 1346.0 133.0 ou il aloit et pour quelle cause

1270.0 3161.0 1311.0 133.0 Cil lui en dit la uerite. Le saint

1264.0 3224.0 1387.0 169.0 hõme reconforta le moine moult

1270.0 3358.0 1369.0 145.0 doulcement et le rasseura et lui

1276.0 3451.0 1357.0 150.0 dist frere retourne a dieu et ne

1276.0 3561.0 1479.0 145.0 tesmaie point pour ta temptacion

1270.0 3665.0 1508.0 134.0 mets paine de la uaincre et surmon

1276.0 3758.0 1404.0 139.0 ter. Car uraiement tel cõme tu

1276.0 3857.0 1380.0 121.0 me uois Iassoit ce que ie soie de

1276.0 3915.0 1491.0 162.0 grant eage si sui Ie tres fort traueil

1276.0 4025.0 1415.0 162.0 lie de telles temptations. Ainsi

1270.0 4141.0 1456.0 145.0 par doulces paroles le saint hõme

1282.0 4234.0 1345.0 139.0 fist retourner le moine en son

1282.0 4297.0 1432.0 151.0 abbaie. et retourna auec lui et le

1276.0 4402.0 1398.0 162.0 remist dedens le cloistre. Et puis

1276.0 4506.0 1427.0 163.0 il sen ala a luys de la chambre de

1282.0 4616.0 1398.0 151.0 labbe et pria a nostre seigneur

1293.0 4698.0 1358.0 162.0 quil uousist a cel abbe enuoier

1293.0 4814.0 1358.0 145.0 samblable temptation. que le

1293.0 4895.0 1416.0 151.0 moine souffroit et que le moine

1293.0 4999.0 1340.0 151.0 fust deliure de la sienne. Lors

1293.0 5098.0 1323.0 151.0 soudainement il uey un noir

1299.0 5196.0 1363.0 163.0 ethiopien qui traioit saietes de

3051.0 951.0 1299.0 156.0 feu encontre cel abbe. Si entra lors

3051.0 1044.0 1363.0 156.0 labbe en si grant temptation quil pro

3057.0 1148.0 1305.0 139.0 posa de retourner au monde et se

3063.0 1241.0 1398.0 133.0 mist a chemin. Apollonius uint contre

3051.0 1328.0 1346.0 151.0 lui et lui dist retourne en ta cham

3045.0 1426.0 1381.0 157.0 bre retourne et te souiengne dores

3045.0 1537.0 1311.0 139.0 enauant dauoir compassion de tes

3034.0 1612.0 1380.0 162.0 freres et des pecheurs sans les ainsi

3051.0 1734.0 1363.0 127.0 espoenter ne mettre en desespoir car

3045.0 1815.0 1358.0 133.0 Dieu est toudis plain de misericorde

3057.0 1908.0 1351.0 139.0 et aide a ceulx qui a lui se retournẽt

3057.0 2006.0 1340.0 145.0 Apollonius pria pour lui et tantost

3057.0 2099.0 1247.0 151.0 il fu deliure de celle temptation.

3039.0 2192.0 1132.0 151.0 ung abbe doit estre aumosnier

3063.0 2273.0 1340.0 157.0 ierre daman raconte quil fu un

3063.0 2378.0 1287.0 145.0 abbe qui fist un iour acheter une

3045.0 2465.0 1323.0 168.0 samproie .xx. deniers parisis et la

3039.0 2581.0 1300.0 139.0 fist cuire pour son disner. Si tost

3051.0 2668.0 1323.0 145.0 cõme il fu assis a table un poure

3045.0 2760.0 1421.0 140.0 uint a la porte qui a grant instance

3074.0 2865.0 1363.0 133.0 requist et pria pour lamour de dieu

3051.0 2958.0 1346.0 139.0 quon lui donnast ce qui estoit a la

3045.0 3056.0 1305.0 145.0 table de labbe quil auoit fait a

3039.0 3155.0 1329.0 127.0 pointier pour lui. Labbe lui enuoia

3010.0 3242.0 1358.0 145.0 incontinent toute la lamproie. Le

3045.0 3352.0 1346.0 139.0 poure hõme la print dedens le plat

3045.0 3439.0 1305.0 151.0 et lors quil la tint il sen monta

3045.0 3532.0 1311.0 162.0 a tout ou ciel uoians tous ceulx

3051.0 3648.0 1305.0 156.0 qui la estoient. Par cest example

3051.0 3741.0 1311.0 133.0 appert que ce quon donne aux po

3057.0 3833.0 1357.0 151.0 ures pour lamour de dieu sen mon

3057.0 3920.0 452.0 145.0 te ou ciel.

3057.0 4025.0 1288.0 145.0 ung abbe doit estre conforme a ses

3086.0 4129.0 1027.0 151.0 moines en uiure et en uestir.

3103.0 4199.0 1300.0 145.0 n abbe fu qui chascun iour men

3057.0 4303.0 1380.0 163.0 goit solennelment et se uestoit riche

3063.0 4396.0 1345.0 139.0 ment. Aduint cõme il eut un iour

3057.0 4489.0 1322.0 162.0 bien disne et chaudement en sa

3057.0 4576.0 1305.0 151.0 chambre et les moines auoient

3063.0 4663.0 1328.0 185.0 disne ou refroitoir froidement et

3063.0 4779.0 1340.0 139.0 auoient eu peu a mengier Il com

3068.0 4866.0 1288.0 162.0 manda moult maistrieusement

3057.0 4953.0 1386.0 174.0 et par importunite a lun de ses moi

3074.0 5051.0 1369.0 157.0 nes aucune chose a faire Le moine

3063.0 5156.0 1374.0 220.0 le fist mais ce ne fu pas si legiere
