4960 6960
1386.0 922.0 1497.0 180.0 plaine de si grant charite et amour enuers

1392.0 1049.0 1491.0 140.0 nostre seigneur quil sambloit aux autres

1392.0 1148.0 1427.0 139.0 quelle fust fole et ne daignoient men

1386.0 1235.0 1439.0 128.0 gier auec elle tant lauoient en despit.

1386.0 1328.0 1392.0 139.0 Elles lui faisoient lauer les oftieulx

1392.0 1421.0 1450.0 156.0 de la cuisine et faire les plus uilz offices

1392.0 1525.0 1427.0 151.0 de leens Elle ne mengoit que le re

1398.0 1629.0 1403.0 134.0 manant des autres tousiours estoit

1386.0 1699.0 1450.0 151.0 deschausse et auoit son chief enuelope

1398.0 1815.0 1427.0 151.0 de meschans drapeles tous deschires

1386.0 1919.0 1473.0 145.0 Elle seruoit tous les autres sans mur

1398.0 2018.0 1415.0 145.0 mure ne iniure. Aduint que saint pi

1392.0 2111.0 1456.0 127.0 tere lermite qui lors estoit se parti par

1392.0 2198.0 1415.0 156.0 la monition dun angele de son hermi

1386.0 2302.0 1363.0 139.0 tage et uint en celle abbaie et fist

1386.0 2395.0 1427.0 145.0 deuant lui assambler toutes les non

1392.0 2499.0 1375.0 140.0 nains. Quant elles furent assam

1386.0 2598.0 1404.0 133.0 blees il leur dist quelles ny estoient

1386.0 2679.0 1450.0 151.0 pas toutes Si sõmes pere dirent elles

1386.0 2789.0 1433.0 128.0 excepte une fole qui est en la cuisine

1386.0 2871.0 1421.0 139.0 Apelles moy dist il celle fole On lala

1386.0 2975.0 1439.0 151.0 querir. Tantost cõme le saint hõme

1392.0 3062.0 1357.0 151.0 la uey Il se Ieta a ses pies et lui dist

1398.0 3149.0 1421.0 162.0 Ma mere en nostre seigneur dist il

1380.0 3265.0 1497.0 139.0 donne moy ta beneycon. Haa saint pere

1386.0 3358.0 1415.0 151.0 dist elle atoy appartient mais donne

1398.0 3456.0 1456.0 157.0 moy la tienne. Les nonnains furent

1392.0 3561.0 1363.0 151.0 toutes esbahies et dirent au saint

1392.0 3665.0 1421.0 134.0 hõme quil se abusoit de soy ainsi hu

1409.0 3770.0 1398.0 110.0 milier a celle fole helas dist il uous

1392.0 3839.0 1433.0 134.0 estes foles uous mesmes. Certes elle

1398.0 3932.0 1450.0 151.0 uault trop plus que uous ne moy ne

1398.0 4042.0 1334.0 139.0 faisons Lors furent les nonnains

1403.0 4112.0 1445.0 156.0 conuerties et crierent merci humble

1409.0 4234.0 1439.0 139.0 ment a leur suer des iniures quelles

1403.0 4315.0 1346.0 145.0 lui auoient fait et dist. et elle qui

1398.0 4419.0 1357.0 145.0 estoit raemplie de uraye humilite

1403.0 4518.0 1340.0 133.0 leur pardonna uolentiers Ainsi est

1409.0 4605.0 1358.0 127.0 aduenu maintes fois que les sains

1415.0 4698.0 1369.0 145.0 sambloient folz aux mondais par

1415.0 4814.0 859.0 139.0 leur grant humilite.

1409.0 4906.0 1334.0 169.0 Example au propoz de soy mectre en

1415.0 5011.0 789.0 133.0 hoftage pour autruy.

1398.0 5063.0 1380.0 168.0 n treuue en la uie des peres dun

1409.0 5191.0 1334.0 191.0 hermite qui fu une nuit hebregie

3144.0 893.0 1270.0 168.0 chies un macon et trouua que le

3150.0 1020.0 1311.0 163.0 macon son hoste uiuoit moult sain

3144.0 1107.0 1357.0 169.0 tement de ce qu il auoit Il distribuoit

3144.0 1218.0 1357.0 145.0 ses biens partie en aumosnes et ꝑtie

3144.0 1316.0 1317.0 139.0 en hospitalite. Quant lermite fu re

3144.0 1426.0 1328.0 140.0 tourne en sa celle il pria a nostre sei

3132.0 1519.0 1300.0 128.0 gneur quil uousist monteplier les

3150.0 1600.0 1322.0 169.0 biens de son hoste qui si bien les distri

3144.0 1734.0 1299.0 133.0 buoit. Et lors il oy une uoix qui lui

3138.0 1821.0 1334.0 133.0 dist que par aduenture ce ne seroit

3150.0 1908.0 1311.0 145.0 pas le prouffit de son hoste Pour ce

3150.0 2012.0 1311.0 128.0 ne cessa point lermite de continuer

3138.0 2099.0 1317.0 151.0 en sa priere. Et promist adieu qui

3144.0 2204.0 1282.0 139.0 uoloit estre plesge de son hoste en

3150.0 2291.0 1334.0 156.0 aduenist bien ou mal. Nostre segneͬ

3138.0 2389.0 1294.0 139.0 lui acorda sa priere. Et aduint len

3144.0 2488.0 1305.0 139.0 demain a ce macon cõme il abatoit

3144.0 2581.0 1322.0 139.0 un uies mur quil trouua un grant

3144.0 2679.0 1270.0 145.0 tresor et deuint tant riche quil fu

3138.0 2778.0 1276.0 151.0 tres familier a lempereur quil le

3138.0 2859.0 1311.0 157.0 fist bailli dune prouince. Mais il

3150.0 2975.0 1316.0 133.0 si gouuerna rudement et au preiu

3138.0 3068.0 1282.0 133.0 dice des poures gens Entre ces

3144.0 3161.0 1305.0 150.0 choses cel hermite fu raui au iuge

3150.0 3259.0 1276.0 151.0 ment de nostre seigneur et oy les

3155.0 3358.0 1242.0 139.0 angeles qui se complaignoient

3150.0 3456.0 1287.0 151.0 a dieu de ce macon poui la rudesse

3150.0 3543.0 1253.0 163.0 quil faisoit aux poures gens. Et

3155.0 3642.0 1248.0 162.0 noftre seigneur leur respond quil

3150.0 3741.0 1276.0 156.0 auoit bon plesge du macon qui lui

3150.0 3845.0 1270.0 145.0 rendroit compte pour luy. Adont

3150.0 3920.0 1293.0 174.0 lermite eut tresgrant paour et se

3144.0 4031.0 1311.0 150.0 tira lors deuers la glorieuse uierge

3138.0 4123.0 1311.0 157.0 marie et lui supplia humblement

3150.0 4210.0 1293.0 174.0 quelle lui uousist aidier Elle pria

3155.0 4309.0 1288.0 162.0 pour luy a son filz et tant fist que

3144.0 4402.0 1293.0 156.0 nostre seigneur ordena a lermite

3144.0 4489.0 1305.0 162.0 quil yroit deuers le macon pour le

3161.0 4564.0 1317.0 180.0 aduertir quil se cessast du mal quil

3155.0 4674.0 1323.0 180.0 faisoit ou dieu le pugniroit. Lermite

3155.0 4773.0 1288.0 180.0 si tost quil fu esueillie sen ala ala

3150.0 4877.0 1287.0 163.0 court de lempereur et contendi de

3155.0 4964.0 1311.0 151.0 parler a ce macon mais il ne peut

3144.0 5057.0 1293.0 186.0 Et pour ce quil sauanca trop une

3132.0 5150.0 1352.0 261.0 foiz il fu tres bien batu et sen retour
