4960 6960
591 933 1346 140 Elle lui promist que si feroit elle.

597 1032 1346 145 decole fu. Aduint long tamps apres

609 1136 1404 134 cõme le Iour fu uenu que lempereur

597 1223 1346 128 deuoit faire lugement des causes

597 1310 1404 140 des uesues et des orphemins cõme il

597 1409 1416 145 auoit acoustume que celle contesse

556 1508 1433 121 uint a court et porta le chief de son

597 1595 1404 127 loyal mari sur elle Et uint deuant

603 1699 1433 128 lempereur et lui demanda de quelle

603 1809 1322 128 mort deuoit morir qui auoit un

597 1890 1439 134 hõme Innocent occis sans cause. Cer

597 1989 1381 122 tes dist lempereur on lui deueroit

597 2070 1404 163 coper la teste Haa sire dist elle Tu

585 2186 1369 128 es celuy qui sans cause et a la sug

585 2267 1480 157 gestion de ta mauuaise fẽme as fait

597 2383 1346 128 morir mon seigneur mon mari.

597 2470 1369 151 Et ce sui ie preste de prouuer par

585 2563 1451 134 espreuue de porter feu a mes mains

597 2662 1334 133 nues. Lempereur qui uoult ceste

591 2760 1433 145 chose esprouuer fist aporter un fer

585 2865 1346 133 chault et la dame le print a ses

580 2934 1438 157 mains nues et le porta grant piece

580 3039 1374 145 sans sentiz nul mal. Lempereur

585 3149 1410 128 en eut grant merueille et crut lors

580 3242 1386 145 qua mauuaise cause il auoit fait

585 3335 1439 150 le conte morir. Cria merci a la con

574 3433 1346 134 tesse et se mist en sa menaie pour

574 3538 1404 145 prendre de lui telle uengance q̃lle

562 3636 1422 139 uorroit. Lors par le conseil des ba

580 3729 1404 122 rons ceste chose fu examinee et fu

574 3822 1369 133 lempereis trouuee coulpable de la

580 3915 1351 133 mort du conte a tort aduenue Si

574 4013 1299 134 fu arse toute uiue et lempereur

580 4118 1444 127 pour la redemption de soy mesmes

568 4193 1392 157 donna a la contesse quatre bons

562 4309 1532 145 chasteaulx heritablement et a tousioͬs.

556 4396 1364 151 Par cest example nous est donne

551 4489 1421 139 a entendre que cest grant peril a

562 4582 1445 133 tous Iuges de croire trop legierem̃t

556 4686 1433 174 ce quilz oient dire sans examiner

562 4790 876 128 la uerite de ces choses.

713 4854 1346 180 elmand raconte du roy cambises

556 4959 1474 150 de perse qui fist prendre un iuge poͬ

562 5075 1369 127 un mauuais iugement que cil

562 5162 1491 214 auoit fait et le fist tout uif escorch'r

2337 899 1445 162 Et puis il fist conrer le cuir et en fist

2349 1015 1381 150 couurir le siege de la iustice et cõme

2355 1125 1386 122 il eut cõmis a loffice de iuge le filz de

2349 1218 1381 116 celui quil auoit fait escorchier et il

2343 1287 1404 157 fu assis sur le cuir de son pere Il lui

2343 1403 1317 134 dist il te souuienge dist il de la

2337 1484 1393 169 mauuaistie de ton pere et te garde

2337 1595 1410 145 de faire faulx lugement Car ie te fe

2343 1699 1410 139 roie morir de cruelle mort cõme iay

2337 1792 1439 156 fait ton pere. Haa dieu que ne res

2343 1896 1387 128 samblent tous princes du monde

2343 1995 1462 151 a cambises en ceste partie. Certaine

2343 2093 1479 122 ment ilz pouruerroient aincoys aux

2337 2192 1358 133 offices que aux officiers Maint

2337 2279 1456 145 mal aduient souuent par deffaulte

2332 2378 626 133 de bons iuges.

2326 2441 1351 180 ercembaud de lornair qui fu

2343 2546 1410 168 noble hõme et puissant et de grãt

2337 2650 1410 163 seignorie ne acceptoit nulles per

2343 2743 1416 168 somes en iugement Il faisoit iu

2343 2865 1317 145 stice en tous tamps et de toutes

2337 2934 1456 151 questions et Se tous cas aussi tost

2349 3050 1375 134 au poure cõme au riche aussi tost

2337 3132 1416 150 a un estrangier cõme a son meilleͬ

2332 3236 1380 151 ami pugnissoit les malfaiteurs

2337 3335 1381 168 qui quilz fussent sans nul espar

2332 3456 1479 140 gnier tant lui fust prochain Aduĩt

2337 3549 1433 139 quil acoucha au lit de la mort et

2337 3648 1364 122 que ainsi cõme il estoit un iour

2332 3729 1398 157 en son lit il oy en une chambre p̾s

2326 3828 1363 145 de luy grant tumulte grant cry

2332 3926 1363 151 et grant noise .Il demanda a lun

2337 4031 1416 145 de ses gens que cestoit Cil lui res

2332 4135 1427 133 pondi quil ne scauoit car il ne lui

2314 4228 1375 133 osa dire. Lors il dist a un autre.

2308 4303 1427 139 Ua dist il en celle chambre ou iay

2320 4402 1450 156 telle noise oye et me raporte uerite

2326 4512 1404 145 sur ta uie on sur paine de perdre

2320 4593 1433 151 tes yeux. Cil y ala et reuint a son

2326 4709 1398 139 seigneur et lui dist que son nep

2337 4802 1381 145 ueu auoit en celle chambre uolu

2303 4872 1374 174 uioler pai force une Ione fille et

2314 4988 1398 133 pour ce auoit la fille crie si hault

2285 5075 1479 156 Hercembaud apella deux de ses che

2314 5191 1381 179 ualiers et leur dist Ie uous com
