2412 3274
703 316 1253 76 q ui plꝰ tost court que ne uole arondel

701 401 1140 76 l e destͥer uoit uenir le damoisel

673 485 1223 77 b ien reconoist son seignour otinel

725 567 914 82 h enist ⁊ grate ꝯme porcel

725 646 993 82 ⁊ cil monte qͥ plꝰ set de cembel

818 736 1113 71 ⁊ de batales que feures de martel

687 739 106 289 L

821 807 990 90 i sarrasin est ou destͥer montez

832 897 1007 90 u n es lais fet pꝰ senest retornez

720 984 1009 80 a bellisant sen tout droit alez

706 1066 1032 85 b elle dit il le ꝯgie me donez

728 1145 1130 90 u rẽ merci mout sui bñ adoubez

706 1235 1146 115 s e truis .Roll̃. mort est ⁊ afolez

736 1317 1040 77 s ere dit il elle a la batale irez

706 1385 1231 107 m es de sespee durandal uꝰ gardez

717 1465 1092 92 s e de la urẽ bñ ne uꝰ deffendez

714 1546 1075 112 i ames nert ꝑ uos tenue citez

706 1634 1012 95 a ces ꝑoles len a og̾ menez

701 1724 1263 90 l i bons danois qui tant est alossez

714 1806 1176 87 ⁊ li dus naimes est a uec lui alez

717 1885 1332 136 e ntre .ii. eues lont mene en uns prez

717 1964 1173 90 O u gͣnt pales senest .kl̃. montez

723 2048 1271 91 a s gͣns fenestres sest lirois acoutez

714 2141 999 85 l es .xii. pers a o soi apelez

717 2215 1277 87 s eignours dit il a moi en entendez

717 2297 1222 93 f aites fracois isir hors de ces prez

714 2381 1048 85 ⁊ il si firent pꝰ q̃ il lot ꝯmandez

717 2458 922 90 a dous se cͥee .kl̃. li coronez

728 2531 1135 107 s eignours dit il desor uꝰ ꝯbatez

720 2624 1007 87 d it .O. ien sui tous aprestez

723 2679 1197 109 p or autre chose ie ne me sui ermez

693 2922 117 73 O

834 2761 1037 106 r sont an semble li ch̃r uaillant

837 2837 1201 112 d e la bataille est checuns desirant

750 2938 1113 104 l iq̃ns .roll̃. sen uait asseurant
