2412 3274
777 193 1293 93 naurai mes ioie entrestot mõ uíuant

750 289 1200 71 s e de son cors ne me uois esclairant

785 354 1029 90 ⁊  en bataille ne le fas recreant

783 450 1255 68 I ames en france ne doi clam̾ .I. gant

769 532 1192 73 D it adragant calez uos menacant

769 611 1026 81 ꝑ  mahomet en qͥ Iesuí creant

780 695 1020 82 N e foi q̃ doi Iupín ⁊ t̾uagant

774 774 1138 85 I l ne uos dote la ualue dun gãt

772 864 1135 90 C ar auec luí est son neuou .Roll̃.

788 944 862 84 ⁊  olíu̾ qͥ tant est ꝯbatant

785 1023 991 81 I e les íuí des le ꝯmencemant

774 1102 1021 93 .R oll̃ feri si nagõ le uaillant

769 1184 1173 90 T out porfendit ⁊ lui ⁊ lauf̾rant

769 1265 1285 104 C est uns deables un malfe .í. tirant

785 1342 1116 93 ꝯ tre ses pee na nulame garant

769 1413 1083 103 M l̃t ꝑ est fox cil qͥ a cop la tent

763 1500 1089 101 ꝑ  mahomet en qͥ ie sui creant

763 1585 1302 98 s i u̾s moi uient ie lirai tost fuiant

780 1672 1116 90 ⁊  dit Garsile il níaura garant

777 1754 1217 101 Q ̃ il ne muíre si ie puis uíure tant

780 1833 1083 90 L ors apela lanqͣdín daqͥlant

780 1912 1086 101 Λ mís dist il ne soiez seiornant

761 2008 987 79 .x m. paiens p̾nez a uocomant

766 2076 1203 98 s i secorez mes homes maĩtenant

788 2158 1053 95 ⁊  cil respont tot aurẽ ꝯmant

788 2231 1242 104 L anqͣdin mõte ou bõ destrier corant

774 2313 1242 104 s es homes fait mõter isnelemant

739 2400 1282 93 U ̾s la bataille sen uínt esperonant

777 2477 1329 106 D onc reꝯmence li estour ml̃t pesant

813 2553 1285 112 Λ íns en sa uíe nus hom ne uit si gͣnt

793 2635 1261 109 L i q̃ns .roll̃. uait la presse rompant

785 2711 1247 115 O  durandal ua les rens chaloníant

788 2801 1102 107 Q ͥ il ꝯsuit il na de mort garant
