2412 3274
660 253 1236 172 d e totes ꝑs destraíngles sarrasíns

673 422 1201 74  aumacours  tous les barbarís

673 502 1182 90 T ous meredotent ꝑ foi le v⁹ plevís

660 545 1367 128 l íroís garsile est mes g͛maíns cousíns

668 665 1201 93 m es fa oncles fu fernagu ligentís

684 753 1111 79 C elui de naudres q̃ Roll̃ ma ocís

668 821 1192 95 d emaĩ en íert .i. fíer chaple bastís

663 913 1064 88  dit li roís tu es assez gentís

668 984 1250 104 m ar fu ton cors qͣnt nas bapteme pͥs

679 1085 767 77 d it .O. je seroíe honís

682 1164 1105 85 C ar vrẽ díeu ne valt íí parísses

856 1241 1299 104 I Roı́s apelle son chambrelens u renı́er

856 1334 912 84 v enez avant p͛nez ce mesag͛

646 1383 172 73 L

693 1410 1061 76 s i le menez a la meison ganier

693 1476 1124 90 d onnez a loste .c. ſ̃. pour son mẽg͛

753 1557 1020 90 p ⁹ apele dus naímes debaívíer

818 1647 985 85  avec luí le bons danois og͛

894 1721 1040 98 a vos ꝯmant feitil cest messag͛

676 1822 928 85 s i le servez se il na metíer

690 1893 1350 95 C il len menerẽt sens poínt de doloíer

690 1986 1138 84 l eꝯmant font .kl̃. le droituríer

693 2070 1099 88 l í emperere sest asís au meng͛

796 2119 1092 115 rẽ emperere est asís au souper

652 2305 139 41 N

845 2231 1004 85  entor luí sidemaine  si per

703 2316 1206 84 q ͣnt ont soupe si sen vont reposer

709 2379 1340 106 j us que au matín q̃ le jour paru cler

698 2471 1059 88 .k l̃. se líeve si fet .Roll̃. mander

717 2545 1187 104  il li vínt sans poínt de demorer

720 2646 1181 90 a la chapele sont alez por aourer

736 2714 1184 85 l a messe chante labe de s̃. omer

712 2791 941 103 .i . hanap dor físt .kl̃. aport͛

733 2864 1081 112 d e parisez le físt trestot ꝯbler

698 2976 1045 147 s offrande fet  p⁹ li .xíí. per
