2412 3274
747 245 128 227 riere sont noz francois reculez

886 259 1004 98 riere sont noz francois reculez

892 341 922 90 .x íííí. arpenz ⁊ demí mesurez

728 422 1111 99 .p a les ont duremẽt malmenez

766 499 1012 101 L ez .i. ꝑron sa resta corsabrez

747 583 1124 104 ff ors ÷ ⁊ fiers ⁊ menbruz ⁊ qͣrrez

761 668 1042 98 Λ  haute uoiz sest li turs escriez

761 755 818 96 O r i ꝑra .pa. q̃l le ferez

755 829 1116 101 L escu en brace sest u̾s les noz alez

766 913 1048 96 I a les eust malement ꝯfessez

758 990 1195 98 Q ͣnt uns des noz est u̾s luí galopez

761 1080 1048 93 h ardoín est ꝑ son nom apelez

769 1159 1220 98 I ones hom est ml̃t est proz ⁊ senez

777 1241 971 84 n ouelement ot este adobez

772 1315 1037 79 L e .pa. fiert sor son escu dorez

755 1391 1195 74 s i roidemẽt li est au front hurtez

761 1470 1061 82 p ᷑ poi li oil ne li sont hors uolez

785 1546 966 93 L e .pa. est si dou cop estonez

772 1631 1181 117 N e set q̃l ꝑt son cheual est tornez

763 1713 985 98 ꝑ  les espaules la li ber a colez

774 1800 895 79 s on pͥson est ⁊ alui afiez

772 1877 1102 92 .U . de ses homes a lenfant apelez

783 1964 1118 84 L un fu gaudín ⁊ foq̃s li senez

788 2038 950 90 ⁊  baudoín ⁊ lamb̾t lalosez

793 2122 1179 87 ⁊  cil daurẽces qͥ tant est renomez

788 2204 1214 101 C e dit li enfes cest .pa. me gardez

785 2283 912 90 Λ  .kl̃. mõ seignor le líurez

783 2368 949 95 D e moie ꝑt uꝰ pͥ q̃ li rendez

799 2455 1151 112 ⁊  cil respondent si ꝯ uos ꝯmandez

804 2540 1007 76 n os le ferons a urẽ uolentez

802 2608 1072 90 M l̃t le fist bien le nouel adoubez

804 2687 1138 112 L espee hauce qͦt pendue a son lez

807 2780 985 92 Λ  .x .pa. en a les chies coupez

804 2867 1144 116 n us ne le uoit nẽ soit espoentez
