2509 3296
214 293 1209 94 ⁊  nos francois sont bien resuígorez

211 376 1204 82 C hascuns ifiert du branc dac̾ letrez

203 453 956 79 p a. ocient ⁊ metent a uiltez

211 527 1187 91 Λ ínz qͥl soit uespre ne soleil resꝯsez

197 612 1069 85 L es ont uaíncuz ⁊ pͥse la citez

189 692 1209 82 D edens la uile sen sont li nrẽ entrez

200 780 1077 79 T ot ont ocis qͣnqͥl íont trouez

189 856 1283 83 D e la uitaille trueuent a gͣnt plentez

186 944 844 83 .k l̃. li roís a oton apellez

192 1021 978 91 ⁊  il í uínt bel si est p̾sentez

175 1117 1245 86 s a fille mande ꝑ naímes le barbez

195 1205 1126 77 C il li amaíne nía pas demorez

195 1279 912 80 .k l̃. la dõne a oton le senez

195 1307 1341 137 T ot maíntenant sont au mostier alez

222 1431 1044 93 .I . arceuesq̃ a la messe chante

211 1494 1174 112 Λ  la loi dieu se sont entrespouse

200 1590 1297 99 Q ͣnt sont sacre arriere sont torne

203 1680 1206 94 O u haut sont ensemble montez

211 1763 1292 88 L i keu auoient le mengíer ap̾stez

214 1843 1228 90 L eue a porterent si a li rois lauez

214 1884 1418 132 G ͣns sont les noces .xu. Iors ont durez

233 2002 1523 104 n ules plus riches ne uit hom qͥ soit nez

228 2095 1206 85 n rẽ emꝑere ne sest mí oubliez

236 2175 1165 82 Λ p̾s meng̾ a son neuou mandez

236 2255 876 85 ⁊  olíu̾ li preuz ⁊ li senez

236 2331 1171 88 ⁊  ses barons cels ou plꝰ sest fiez

211 2414 1014 96 p ꝰ si lor a le rẽgne deuisez

233 2485 1248 107 L un ap̾s lautre a paie a son grez

244 2584 855 80 .O  est ou pais demorez

225 2642 1236 99 ⁊  belissent au gient cors honorez

225 2730 1022 101 D e la t̾re ẽ ⁊ saísi ⁊ chasez

222 2820 1127 85 p ꝰ en fuíl sires ⁊ rois clamez

247 2897 1165 96 n rẽ emꝑere a son erre ap̾stez
