7088 5036
2296 537 966 163 haute clergie et ce li porroit

2301 684 961 96 ml't bien aidier.alahaute .

2305 755 978 105 perfection . Et pour ce lienfes

2301 843 970 101 qui si biax estoit .de forme:

2301 927 991 101 et si sage de grant sens fu liurez

2305 1007 974 100 aus sages homes pour a pnͣd':

2309 1091 962 88 et fu enseingniez ⁊ apris de

2317 1179 958 84 la religion de seinte eglise ..

2313 1250 966 88 et si fu enseingniez . ⁊ apris

2313 1334 966 88 de la celestiel amor enuers

2313 1422 962 97 nr'e seigneur . Et dautant

2309 1498 991 100 ꝯme il se estoit de plus grant

2317 1582 991 100 ar dorr nmis enla mor dame deu

2317 1666 987 96 de tant pooit il plus.⁊ lauoit

2317 1754 1000 88 retenir la force des escriptures

2317 1833 966 93 et nule chose qui fust obsure

2317 1922 991 92 ne li estoit celee . qui l ne seust

2317 2010 975 88 et ueist clerement. car la ou

2334 2077 983 101 l i seinz esperiz est mestres nu

2322 2178 995 84 le chose niest couuerte ne repos

2317 2253 966 92 te .A la par fin. qant il fu

2326 2324 974 101 enseingniez . ⁊raempliz des de

2326 2417 961 105 vines escriptures .Ilse penssa

2334 2505 974 96 quil repereroit ala meson sõꝑe

2330 2585 974 105 Einsint ꝯme il auoit en pense

2334 2677 958 80 en son corage. einsint le fist il

2334 2748 958 97 pleinement sanz nule folie..

2330 2828 978 113 ses peres qui ml't estoit douz..

2343 2912 944 109 et de bon uiaires le recut ml't

2351 3004 924 101 amiablement . ⁊ml̃t lieemẽt

2355 3076 974 113 et biẽ sot ⁊entendi certeine

2351 3168 970 92 ment quil tret passoit par son

2351 3252 873 101 sens . les anz desa iouuente ..

2326 3420 218 96 E

2511 3319 802 105 insint ses leescoit liuns

2506 3407 794 101 a lautre .Seinz lamberz

2364 3479 940 92 del amor son pere et li peres

2364 3558 961 114 des bones oeuures son fill apͤs

2355 3638 953 105 ce li nobles enfes pensoit de

2359 3718 954 109 tout son corage a estre hom

2364 3806 949 197 par fet des oeuures n're seignor

3871 537 978 168 et si sapareisloit del tout ẽtout

3875 684 966 104 aus ꝯmandemenz damedieu..

3871 767 970 101 ih'u fere . Et se lonc le sautier

3875 856 987 92 couuroit . car il cressoit toz tens

3875 935 991 93 en uertu . et encor fust il joen

3879 1011 987 109 nes daage . Il eschiuoit lamauue

3871 1099 970 97 se veniance del monde par sa

3858 1179 1000 100 grant proesce et si metoit ar

3871 1259 983 92 riere . ⁊ ensus deli ml't uigue

3867 1334 991 101 reusement . Lorgueil de cest sie

3863 1426 974 93 cle ⁊qanquil pooit auoir . et

3871 1502 962 101 aquerre. donnoit il ⁊ deꝑtoit

3867 1590 966 92 aus poures . Einsi reponnoit

3871 1670 966 100 il ⁊ meroit ses tresors escieux

3871 1750 957 100 porce quilles peust retrouu͛

3867 1838 949 100 a sa grant besoingne . En cel

3871 1922 945 100 tens que li bons enfes estoit

3863 1993 957 126 si en doctrinez . et si en beuz de

3871 2085 957 109 lesperitel escience . estoit euesq̃s

3867 2173 949 105 decret . uns seintismes homs

3867 2257 966 105 qui pleins estoit de grant reue

3867 2345 982 97 rence . et puis fu glorieꝰ martirs

3875 2425 920 101 Cil estoit theodardes apelez

3871 2509 953 113 parnon .  A celui fu ꝯmandez

3867 2580 945 118 messires sainz lamberz li bõs

3863 2673 944 113 ouuenciaux . ⁊ ille ꝯmenca

3863 2753 932 109 ml't bien aen suiure par

3863 2832 944 109 saintes oeuures . si le ꝯmenca

3863 2912 961 117 ml't a honorer . ꝯme son seign᷑

3850 2996 957 117 et aamer conme son pere..

3854 3080 945 113 et si nest nule doutance .qe

3854 3155 928 118 de la compaignie desiseint

3854 3239 945 109 home na creust la grace et

3854 3315 928 109 la sapience . et la merire au

3850 3399 970 117 iouuencel n're seignor . Qãt

3854 3474 932 114 li semz euesques uit lenfant

3837 3550 949 122 detel maniere .il conmenca

3837 3630 954 126 tant a penser . et aquerre par

3829 3709 966 130 son corage . quil sot ⁊ entendi

3833 3793 937 185 con grant chose estoit deli a a

5072 562 1016 151 uenir et porce se mist einsi en

5085 700 1028 101 lamor de lui .que il namoit nu

5080 784 975 97 le criature tant. et silamoit

5072 868 1012 97 tant ꝯme son heritier . ⁊ qui a

5068 944 999 100 pres lui eust la seingnorie..

5068 1028 991 100 de leueschie quil auoit. Et li

5068 1112 1012 105 iouuenciaux amoit le seint

5068 1187 1012 109 home de tout son cuer sanz

5064 1275 1012 101 feintise . ⁊ li seinz hom a em

5059 1355 1004 101 plissoit bien les oeuures de

5059 1439 1000 96 charite .car il amoit dieu de

5059 1519 996 105 toute sa pensee ⁊ son proisme

5055 1603 1004 96 dentiere amor. einsi ꝯli meis

5055 1682 1037 105 me . et si deguerpissoit toutes

5059 1758 1004 122 les choses fors la gloire pardu

5047 1854 999 93 rable . mes puis quil fu mar

5038 1934 1004 109 tiriez par les cruelz tiranz. qͥ

5043 2022 1012 101 ceus qui amoient nr̃e seign᷑

5047 2106 995 101 haoient . Cil detret qui setenoi

5038 2190 1038 101 ent anr'e seignor ꝯmencient

5034 2274 1004 88 a querre un seint home .quil

5043 2358 1003 84 peussent metre en son leu ⁊

5030 2442 1016 96 a la seingnorie. Longuement

5038 2526 1042 96 le quistrent .⁊ par grant di

5030 2618 991 84 ligence . mes ne trouuerent

5030 2698 1004 88 plus seint home de seĩt lamb͛'t

5022 2773 1012 122 en la cite ne en la contree. Lors

5026 2857 995 84 sasemblerent tuit haut et

5034 2946 1025 92 bas. si le mistrent ⁊ establirẽt

5017 3017 1000 105 en leueschie ⁊en la seignorie

5013 3105 1025 101 Mes li seinz hom qui estoit pleĩt

5013 3181 987 109 de toute bonte. lor disoit qil

5017 3269 987 88 nestoit mie dignes deueinr

5013 3348 995 118 a si grant hautesce ⁊si leur

5013 3428 240 101 dist..

4950 3592 214 84 M

5152 3504 848 105 i biau frere ce est granz

5164 3592 811 96 honnors de leueschie . et

5001 3663 1003 113 grant seignorie . mes grieffes

5005 3747 1016 122 est ⁊ prsanz . est de porter tele

5005 3831 999 160 honor. Sachiez q̃ ie ne sui mie

1070 574 1008 131 il auoient receu mort ⁊passion.

1074 692 1025 109 qui uit et reigne.par toz les siecles

1087 780 983 88 des siecles sanz fin ameN

1074 860 979 88 ci ꝯmence lauie .S'. lambert.

1780 944 311 84 Loire et

1792 1032 282 80 honnor

1788 1107 307 84 et loenge

1801 1187 281 76 doit estre

1805 1267 302 84 a toz mestie's

1805 1347 286 88 de irlꝯter

1805 1422 290 88 et de dire

1813 1510 294 101 les passiõs

1805 1586 273 96 desseinz

1792 1666 294 109 martirs

1087 1724 1012 139 quar se li cuers et la langue se

1095 1846 1004 97 vouloient atorner alor uies.

1087 1930 1025 101 raconter ⁊ descriure . nos ne fine

1095 2014 1029 92 rions ia depreeschier.et danõ

1104 2102 995 88 cier les seintes paroles. ou lẽ

1104 2186 999 96 porroit prendre meint bon

1104 2270 991 92 essample.et pour ce me plest

1100 2354 1012 88 a ra conter lauie ⁊la passion de

1100 2429 1024 105 seint lambert le beneoit mͣr

1100 2530 189 71 tir..

1087 2601 223 177 M

1272 2585 865 113 es sires seinz lamberz liglo

1280 2681 869 101 riex martirs. et qui fu pͬstres

1104 2765 1003 105 et treschiers amis nr̃e seignor

1108 2841 1046 113 ih'u crist. et fu nez ⁊trait deml't

1121 2933 995 101 haute lingniee.et denoble. Tres

1121 3004 1007 101 ce quil estoit en fes ꝯmenca il

1121 3097 1012 92 a estre de ml't bones costumes:

1121 3185 1016 84 et garda sonbauptesme netemẽt

1125 3269 1008 92 si se ꝯmanda ⁊otroia anr̃e seig

1137 3336 1004 105 nor . et a ses oeuures de qanq̃il

1125 3428 1012 97 sot ⁊pot sanz nule negligence

1133 3504 1016 88 Et pour ce tuit siparent ⁊si co

1137 3579 1000 88 sin distrent et deuiserent .que

1142 3655 1016 105 pius que seinte uie estoit par li

1137 3751 1008 88 si a trempeement.demenee.Il

1137 3827 1012 155 deuoit estre enseingniez deml't

6466 201 97 235 164
