5273 6932
1376 554 977 168 Dont la pris par la main

1381 681 1030 145 Myrus Et la trait a vne ꝑt

1387 785 1035 127 Et lidist Sire vostre bonne

1381 872 1018 150 renommee me fait en voꝰ

1381 976 1018 167 fier . Sire dist il Se ie estoie

1381 1086 1070 167 pires que ie ne soie . Si vueil

1376 1195 1011 145 ie estre tenus de uous aidi'

1370 1299 1017 162 pour laraison de ce que voꝰ

1381 1421 1018 161 auez dit . Sire dist il granz

1393 1542 1018 144 merciz . Dont li dist Sire v'i

1370 1640 1006 150 tez est que nous sommes

1370 1727 994 138 ci enuoiez pour une gnͣt

1381 1825 1001 144 besoingne. Si auriens biẽ

1370 1917 994 145 mestier de nostre aide ⁊ de

1364 2016 584 167 vostre conseil.

1630 2125 746 168 Ire veritez est que noꝰ

1647 2241 740 156 sommes ahelcanus

1364 2304 1070 203 qui est filz a lempereour Cas

1376 2472 1023 139 sidorus de coustentinoble ⁊

1370 2582 1029 133 cil est en frise auec le duc de

1364 2663 1029 167 lembourc . Si sauez bien q̃

1370 2755 1029 173 li roys ⁊ li dus furent lau

1364 2871 1047 138 tre iour en ceste ville pour

1364 2969 1029 138 moustrer apelyarmenus

1364 3055 1047 185 vostre seigneur quo cilz hel

1370 3200 960 127 canus estoit repairiez de

1358 3269 1024 162 la ouil auoit couuerse qrͣ

1358 3390 1058 139 les nouuelles estoient hors

1358 3489 1006 161 getees par tout que il et

1347 3598 1017 145 son pere ⁊ auec .ii. petiz en

1352 3691 995 162 fans estoient mort. Ore

1352 3806 1012 145 sus ce pelyarmenus est en

1352 3905 989 167 trez en la terre . et se fait a

1352 4020 983 150 peler seigneur du pays ce

1358 4141 989 139 queil ne doit faire tant q̃

1352 4240 995 138 il sache que cilz soit en vie

1347 4338 1040 156 que ie uous ai compte ces

1358 4442 972 144 nouueles aporta liroys

1352 4557 1006 127 de frise ⁊ lidus de lembourc

1358 4655 1035 174 apelyarmenus ⁊ li respondi

1347 4771 983 156 assez sagement. Quar il

1352 4869 978 168 dist venist helcanus ou

1358 4979 1018 156 autres qui droit eust en la

1358 5112 995 138 terre ⁊ li lereceuroit . Si que

1364 5210 994 139 ia nen seroit repris ne blas

1364 5297 1006 150 mez li conseuls helcanus si

1358 5412 960 162 et tiex que il dist que il

1370 5522 994 289 nenterra iamais iamais

1370 5643 960 202 en cest pays deuant ce qͥl

1393 2264 202 237 S

2567 537 983 202 sera asseurez des barons

2567 687 965 144 meismes de son frere qui

2572 791 902 156 les homages en areceuz

2572 901 966 156 autrem̃t quil ne deust ce

2567 1010 954 139 dist ⁊ de ceuz qui lont re

2572 1103 1024 167 ceu en cest pays autrem̃t

2578 1224 1000 139 quil ne deussent . Si en veult

2567 1328 954 162 lamende auoir . Se ainsi

2561 1438 965 156 est que il soient trouue ẽ

2572 1548 914 144 leur tort. ⁊ est la raison

2572 1646 925 138 pour quoi il nous a ci en

2572 1744 920 150 voiez. Si voudrions vo

2549 1813 1012 174 lentiers auoir conseil cõ

2567 1952 948 156 ment nous porrions le

2578 2068 948 127 miex parler apelyarme

2555 2172 1006 150 nus . par quoi il ne pechast

2567 2264 983 150 en nous que la besoing

2567 2362 919 150 ne ne fust bien faite ⁊

2567 2472 977 144 reportons arriere la vraie

2567 2564 971 179 responsse de son conseil q̃

2538 2680 919 167 nous auons trouue.

2757 2784 729 150 vant Gasus enten

2734 2882 798 225 di Myrus Si ot gnͣt

2543 2957 1018 197 ioie ason aier ⁊ dist puet

2561 3113 971 145 ce estre verite ce que vous

2549 3206 1035 144 mauez ci compte. Sire dist

2555 3315 995 151 myrus aussi voir comme

2549 3396 977 156 diex est. Quar clyodorus

2543 3523 1024 150 que vous bien connoissiez

2561 3633 942 139 est auec helcanus chies

2543 3720 972 138 leroy de frise. Clyodorus

2543 3829 983 133 dist il voire sire. Ha: clyo

2555 3922 995 162 dorus sergant adroit tãt

2538 4043 965 156 auez ale que vous auez

2538 4153 994 156 trouue ce que vous voliez

2532 4263 1023 144 Par foy biaus seigneurs

2543 4355 989 162 dist Gasus maint hustin

2549 4476 948 145 ⁊ mainte greuance ay

2561 4569 1017 156 eu pour verite dire ⁊ faire.

2543 4684 1030 162 Or nest il mie poins de plꝰ

2532 4777 1006 179 parler .⁊ vous estes lassez

2538 4898 942 162 de cheuauchier le matin

2543 5019 989 156 reuendrai auous prince

2532 5123 994 151 ment ⁊ penserai auostre

2538 5216 977 162 besoingne tout aussi soĩ

2532 5326 977 156 gneusement comme se

2526 5430 989 260 mon cors meismes estoit

2515 5545 1017 283 auostre point. Sire ce dist

2520 5643 983 202 myrus la uostre grant

2555 2801 202 324 Q

3758 554 954 191 merciz. Lors ont pris cõ

3758 687 1000 156 gie alui ⁊ li baillis aeuls

3740 779 989 168 Quar plus nosa demou

3746 906 1041 156 rer que il ne fust aperceuz.

3989 1016 746 156 i compaignon soupe

4001 1114 734 145 rent ⁊ puis alerent

3752 1184 971 190 dormir. Gasus qui ne dor

3752 1334 994 156 mi pas tout la nuit com

3752 1432 1006 156 menca apenser ala besoig

3746 1525 1052 167 ne de ceuz qui prie len auoi

3740 1623 1018 156 ent Il sot bien que pelyar

3763 1750 983 144 menus ne renderoit point

3735 1842 988 150 laterre tant comme il la

3735 1975 994 145 peust tenir. et bien sot que

3735 2068 994 138 moult longuement ypor

3752 2166 1017 150 roit estre ainz que autres

3758 2281 948 156 y peust metre le pie tant

3763 2397 949 138 comme cil qui lauoient

3763 2501 1018 138 asseure li vousissent aidier

3758 2599 1023 156 ⁊ il sauoit bien que voirem̃t

3746 2686 983 161 li aideroient il. Quar il Se

3740 2813 1001 144 sentoient meffait enuers

3752 2917 983 144 leur seigneur droiturier ⁊

3740 2998 989 167 pource aideroient il cestui

3746 3107 989 145 au miex que il porroient.

3740 3217 989 145 Aucuns en yauoit qui vo

3735 3321 1040 156 lentiers reuendroient avoie

3752 3431 965 144 de verite. Mais leur force

3746 3535 989 150 nest mie grant. Se ce nes

3752 3633 1058 150 toit du duc dathaines. Mais

3729 3743 1017 138 cil estoit trop hors voie por

3746 3829 405 474 lui aidier

3972 3945 757 144 Ntele maniere se demẽ

3920 4032 826 179 toit Gasus tout par

3740 4176 1001 139 lui. Lors commenca apen

3723 4274 994 150 ser comment il porroient

3735 4372 1023 156 partir de leur seigneur sãz

3729 4482 971 139 destourbier. Il sot bien qͥl

3746 4604 1000 144 estoit si plains de mal que

3740 4696 1018 139 a paines sen porroient ꝑtir

3729 4800 988 162 sanz destourbier que ce ne

3723 4910 971 133 fust trop grant m'ueille.

3735 5008 1029 150 Dont sapenssa quil les feroit

3729 5129 983 150 aler au biau manoir ⁊ la

3723 5239 1029 139 porroient il parler delachose

3706 5337 1000 156 et faire aussi comme se ce

3717 5435 1006 156 fust noient. Et se aucuns

3711 5562 1024 255 y metoit mal il les deffen

3706 5649 994 162 deroit se il pooit. et se il

3717 4032 243 265 E
