5273 6932
1139 531 531 173 r dist li comp

1133 675 566 151 tes que moult

1144 802 515 122 ouura la pu

1127 889 538 139 celle courtoi

1144 982 544 179 sement enu's

647 1114 1018 156 Myrus et ses ꝯpaignons. Il

653 1224 1006 162 ne finerent puis que il se

653 1328 983 139 furent partis de lui de che

670 1426 989 145 uauchier tant quil oirẽt

664 1536 1012 156 nouueles de pelyarmenuz

647 1634 1029 162 dit leur fu que il estoit a .i.

653 1750 1012 156 sien manoir qui estoit en

647 1848 1018 144 constentinoble. Il nont fi

659 1952 1081 162 ne lun iour plus lautre maĩz

653 2068 994 144 si sont uenu en la cite. Il

653 2177 977 145 ont eu conseil deulz meis

653 2281 1029 139 mes que il yroient en con

659 2385 1052 156 stentinoble pour euls repo

664 2501 972 144 ser ⁊ la auroient conseil

647 2570 1052 185 comment il porroient mieꝰ

659 2697 1029 145 besoingnier. Lors uont en

653 2784 1041 156 la uille ⁊ ont leur ostel pris

647 2888 1035 150 ou maint autre lauoient

647 3003 1058 151 pris qui auoient a besoing

647 3119 1064 144 nier aussi ꝯme eus meis

647 3217 1041 145 mes auoient. Il fu tart si

653 3321 1006 156 fu temps de souper. Myrus

653 3402 1052 179 a fait uenir son hoste deuãt

659 3529 1040 139 lui ⁊ li enquist ou li empe

659 3621 1029 174 reres estoit. Sire dist il. le

664 3731 1012 162 quel empereour deman

659 3818 1046 162 dez uous. Amis dist Myrꝰ

664 3939 1012 162 ia na il en ceste uille que

647 4032 1029 156 .i. empereour. Sire dist il nõ

664 4147 1018 150 que ie sache. Celui est a bel

664 4257 1001 162 manoir a une lieue pres

653 4349 1023 174 de ci ⁊ quant ueudra il biaꝰ

659 4459 1011 173 hostes. Par foy sire ce ne noꝰ

653 4563 1093 173 sai ie mie a dire. Quar il uiẽt

664 4684 1012 156 quant il ueult. Et quant

664 4788 1041 139 il ueult il sen ua. Or me di

664 4892 1006 156 tes biaus hostes foy que

664 4991 978 161 uous me deuez. Sauez uoꝰ

664 5095 1024 173 nulles nouuelles de Ga

664 5216 995 144 sus le baillif pelyarme

664 5302 1018 180 nus. Sire dist il hui le ui

664 5412 1024 156 ci deuant passer et biẽ croi

670 5522 1047 306 que il soit en la uille. Et ou

670 5638 977 196 demeure il dist Myrus.

711 519 381 751 O

1884 560 995 167 Sire il demeure ou chas

1884 646 1041 180 tel. Quant il oy ce si mist

1896 779 965 145 son hoste a conseil ⁊ dist

1896 878 971 179 amis se uous nous uou

1890 982 995 179 liez aidier que nous par

1890 1091 1035 168 lissons a lui de conseil mlt'

1890 1224 989 139 y auriez grant preu. Sire

1907 1334 966 133 dist il dont me dites qui

1902 1432 988 127 uous estes ⁊ se uous de riẽs

1896 1536 965 139 le connoissiez amis dist

1890 1617 1018 167 Myrus nous sommes au

1884 1738 960 145 roy de frise. Mais nous

1890 1848 995 144 fumes nes en bretaigne

1890 1958 954 138 ha: sire dist li hostes na

1884 2033 1035 173 pas lonc temps que li roys

1890 2160 1000 162 de frise fu ci deuant a hos

1890 2258 1000 156 tel. et le duc de lembourc

1896 2351 1012 156 fu caiens. Par foi Sire dit

1890 2466 960 156 Myrus bien puet estre

1890 2570 977 162 et ie trop mieus uous en

1884 2674 1018 162 aime ⁊ aussi fais ie lostel

1873 2795 988 145 Sire dist il granz mercis.

1879 2888 971 144 Et sachiez que ie pensoie

1884 2992 972 156 moult bien que uous es

1884 3084 949 168 ties de leur gent. Et sa

1884 3206 1012 161 chiez que en moi uous poez

1884 3310 995 156 bien fier et commander

1884 3390 1001 174 sor moi. et sachiez que ie

1879 3506 1006 167 en ferai tout mon pooir

1879 3604 977 168 Biaus hostes dist il gnͣz

1879 3708 1011 156 mercis. Ie uueil que uous

1879 3824 936 156 faciez tant quil sache.

1884 3916 1006 168 quil a chaiens .i. cheual'

1884 4037 983 133 qui est au roy de frise qui

1884 4136 977 161 moult uolentiers parle

1884 4222 995 162 roit a lui anuit ou demaĩ

1884 4332 977 185 de quele heure quil en se

1884 4459 960 156 roit aisiez. Sire dist il ie

1884 4569 977 144 narresterai Si aurai fait

1879 4661 1006 162 la besoingne a mon pooir

1879 4771 965 162 Dont fist mestre li hostes

1873 4858 1012 185 la selle seur son palefroy

1873 4991 988 156 Si monta ⁊ ne demoura

1879 5089 1046 173 gaires que il uint au chas

1879 5204 1029 254 tel. puis hucha. li portiers

1884 5302 1018 156 qui bien le connoissoit. li

1884 5389 1001 185 dist sire uous soiez li biẽ

1884 5522 983 156 uenuz. amis dist il diex

1884 5609 983 219 uous beneye. est li baillis

3058 537 948 161 caiens. ouil dist il. dont

3047 646 1000 180 descendi li bourgois. Et

3041 733 1012 208 uint la ou il estoit. Et qnͣt

3047 849 977 173 li baillis li uit. Si est uenꝰ

3041 947 1006 185 a lui ⁊ li dist Geffroy que

3058 1068 977 173 uous plaist. Sire dist cil

3058 1184 931 196 ie sui ci uenus pour ꝑler

3058 1270 960 208 a uous. pour .i. chlr' qui ci

3058 1386 983 173 menuoie qui est au roy

3064 1501 977 174 de frise. Si uoudroit a uous

3058 1611 971 162 parler moult uolentiers.

3058 1704 948 161 Mais que uous en fussies

3052 1825 960 156 aaisiez. Quant il lenten

3052 1917 1047 174 di dont li mist la main seur

3047 2027 1006 150 lespaule ⁊ la trait dune ꝑt

3052 2131 1001 156 ⁊ li dist en bas. quele gent

3052 2229 954 174 a il auec lui. par foy dist

3052 2351 1053 150 il .u. cheualier ⁊ leur mais

3064 2472 965 144 nies alez uous ent dist il

3047 2564 930 168 tost ⁊ li dites que ie yrai

3052 2668 977 151 maintenant. Mais ne fai

3052 2761 983 167 tes ia mention qui il sont

3052 2853 966 168 ne que y doie aler se a euls

3052 2963 972 150 non. Sire dist il naies grͣ

3041 3055 977 179 de. Il sen est moult tost re

3047 3154 1029 202 pairiez. Et compta a Myrus

3047 3281 977 161 comment il auoit esploi

3052 3362 1024 179 tie. Biaus hostes dist il gnͣz

3052 3477 989 173 mercis. Lors ne demoura

3052 3587 949 173 gaires que li baillis uint

3064 3697 942 144 o lui .i. escuier sanz plus

3058 3795 977 167 Il monta amont ⁊ demã

3047 3893 1000 162 da loste ⁊ il uint ⁊ lamene

3047 3997 982 162 en une chambre ou li chr'

3041 4112 988 168 estoient. Sire dist il a My

3041 4199 1000 179 rus uez ci le baillif que uoꝰ

3041 4332 960 162 demandiez. Quant il le

3035 4424 1000 174 uirent dont sont sailli ẽ

3035 4540 1058 162 piez et lont salue. et il leur

3035 4655 1006 156 rendi leur salu. Et puis

3035 4759 1052 145 regarda lun ⁊ puis lautre

3041 4852 1017 162 sauoir Se nul en connois

3041 4956 1023 167 troit. Mais il nen y ot nul

3047 5089 994 150 que il eust onques mais

3052 5193 1006 161 ueu. si dist ore biaus seig

3047 5285 982 168 neurs uous soiez les biẽ

3041 5389 994 162 uenus. Ie sui uenus a uostͤ

3041 5505 1035 283 mandement. Sire dist My

3035 5620 1006 173 rus la uostre grant m'ciz

4424 569 207 6 157
