5273 6932
705 571 1017 197 Bien ferez dist il. Et sachiez

705 733 1006 139 que ie en ferra autant de dẽz

699 802 1047 162 .xu. iours. et lirai ueoir omoi

693 912 1041 156 mil homes qui touz seront en

693 1010 1041 162 son ꝯmandement de cors ⁊ de

699 1103 457 190 uie perdre.

861 1213 844 156 n tele maniere ont m

884 1328 838 139 oult parle entreulz .ii.

688 1421 1040 150 de ceste chose. Et tant que li sou

688 1513 1017 179 pers fu appareilliez. et le fi

676 1629 1023 161 rent mlt' couuenablemẽt

670 1738 1024 174 Apres sont alez couchier. et

693 1860 977 132 quant ce uint au matin il

682 1923 994 162 ont pris congie et puis se

676 2039 1029 167 sont mis en leur chemin.

670 2143 1006 156 Si nont fine par leur iour

670 2235 1012 173 nees si ont ueu la cite de Ni

670 2339 1035 162 se. Quant il uindrent pres

676 2437 989 179 de Nise. Si ont choisi le sie

688 2559 988 138 ge qui deuant estoit fier et

670 2657 1018 162 orgueilleus. Il ont tant es

670 2767 1024 155 ploitie que il aprochierent

670 2859 972 162 lost. ⁊ y sont uenuz. Dont

664 2946 1018 184 enquist la pucele le tref hel

670 3055 995 179 canus. Dont sailli .i. ser

670 3177 983 167 gent qui dist. Damoisele

664 3286 1001 156 bien uous y saurai mener.

659 3379 988 162 Qui dont ueist ꝯment il

664 3489 1001 156 estoient esgarde des uns ⁊

664 3581 978 168 des autres. bien peust di

664 3702 989 151 re quil ne uirent onques

664 3795 989 156 mais si gente damoisele.

664 3893 1006 144 ne plus noblement cheuau

664 3997 1001 144 chier a .ii. cheualiers. En

664 4078 1041 179 tele maniere furent esgar

659 4188 1017 179 de iusques au tref helcanꝰ

659 4309 988 156 qui aluis de son tref estoit

653 4419 971 156 olui Iaphus le frison. Et

659 4523 983 156 quant il uirent uenir la

664 4621 972 167 pucele ⁊ les .ii. cheualiers

664 4725 983 156 si ne les ꝯgnurent mie. A

664 4835 1047 156 dont est la pucele descendue

664 4950 1006 150 de son palefroi. Et seu uĩt

676 5043 977 173 deuant les damoisiaus qͥ

676 5158 983 168 mlt' gentement lont salu

670 5285 960 145 ee. Elle ne fu mie espoen

664 5389 966 150 tee ainz leur a leur salu

670 5499 1000 150 rendu. Et leur dist biaus

670 5597 972 156 seigneurs ie sui auois en

670 5707 1012 202 uoiee de par ceulz que uous

688 1230 202 347 E

1884 878 226 265 Q

1884 589 972 173 en uoiastes ou message pͬ

1844 693 896 179 parler apeliarmenus

2087 797 757 156 Uant li damoisel ont

2104 889 723 249 ce entendu. Si ont

1867 964 960 174 eu trop gnͣt merueille.⁊

1867 1080 994 167 li distrent. Ha: damoise

1855 1207 995 150 le nous saurez uous a dire

1867 1293 977 266 chose qui nous puist recõ

1861 1397 977 162 forter en touz biens. A

1855 1507 1006 156 dont leur a requis que on

1855 1617 1006 156 li feist uenir clyodorus se

1855 1721 989 150 il estoit en lost. Dont dist

1850 1808 1017 173 helcanus. Damoisele faiteᷤ

1855 1929 983 150 uos cheualiers descendre.

1850 2016 983 173 Et puis si parlerons a uoꝰ

1861 2131 983 145 aloisir. Biaus seigneurs

1855 2229 960 156 dist ele. il ne descendront

1850 2327 1029 156 mie deuant que ien aurai

1850 2437 994 156 besoing. De ce que ien ai

1873 2559 931 144 ci quis. mais celui que

1844 2639 954 156 ie demant me faites ue

1850 2755 965 150 nir. mais que ce soit uostre

1850 2847 971 156 uolente. Dont la pristrent

1838 2946 983 167 helcanus ⁊ Iaphus. et li di

1838 3055 989 151 strent uenez seoir delez noꝰ.

1832 3154 966 150 Si parlerons auous. et sa

1838 3258 966 150 urons qui uous estes ne q̃

1850 3362 959 155 uous querez. Atant sont

1838 3454 966 144 entre es tentes ⁊ puis lidi

1827 3546 988 174 strent. Damoisele sachiez

1838 3656 977 173 que clyodorus nest mie en

1844 3772 977 138 cest pays. Ainz est en une

1838 3858 966 168 gnͣt besoigne ou nous la

1832 3968 989 133 uons enuoie. Par foi dist

1827 4072 994 156 ele ie uoudroie que il fust ci

1832 4164 977 162 Car bien me cougnoistroit

1838 4280 960 144 se il me ueoit. Damoisele

1832 4367 977 156 dist helcanus. dites nous

1827 4471 971 179 abriez paroles qui uous e

1827 4586 965 168 stes. et que uous nos di

1832 4684 995 179 rez des messages. Car cly

1827 4806 982 167 odorus nest pas ci. Dont

1827 4910 959 156 a cele sachiee une lectre.

1838 5019 954 168 de dessouz sa chape. Et la

1838 5123 943 168 mist en la main helcanꝰ

1827 5239 994 173 Dont laprise ⁊ esgardee et

1838 5354 995 174 uit que ele fu close ⁊ seelee

1838 5464 995 266 dune cire u̾meille et auoit

1838 5551 948 179 en lemprainte le seel pely

1838 5666 960 249 armenus empereeur de co

3035 1594 260 283 A

3047 594 1011 145 stentinnoble. Et en la queue

3052 693 1001 150 auoit escript amon chier on

3047 791 977 127 cle le roy de frise. Quant il

3047 860 1000 179 ot ce ueu. si la mist en lama

3047 964 971 156 iri Iaphus. Et dist ceste le

3041 1074 977 144 ctre ne uient anul de nous

3047 1161 954 173 .ii.Quant Iaphus la uit

3041 1282 977 167 Si rompi la cire. Et ouuri la

3041 1386 988 208 lectre ⁊ trouua dedẽz esc'pt

3289 1490 758 156 Son tres chier on

3295 1582 729 168 cle odonie le roy de fri

3000 1704 1041 167 se. Pelyarmenus empereour

3035 1808 960 150 de costentinnoble. Salut et

3052 1923 937 145 bõne amour.Chier oncle

3035 2010 989 162 ꝯme il soit ainssi que ie aie

3029 2108 995 156 receue uostre lectre par uos

3023 2218 995 150 messages. li quel moult ap

3018 2304 1000 174 pele de trayson en ma presẽ

3023 2420 989 156 ce. Ie uous fais assauoir q̃

3023 2524 1018 156 du mandement que uous ma

3023 2628 995 150 uez fait. Ie nai mie conseil

3012 2726 1006 173 que pour chose que iai mes

3012 2836 989 138 pris en uers nullui ne en u's

3018 2928 1006 150 hõnie nul.queie doie mater

3012 3032 994 150 re ne mon empire uuidier

3018 3125 988 161 pour tel meschief faire de

3012 3229 983 150 ci a dont que plus fort mẽ

3006 3344 995 156 getera que ie ne sui. Et sa

3012 3442 1006 139 chiez que mal cuidasse que

3012 3541 989 144 de uous deusse auoir tel mã

3012 3645 960 150 dement. mainz que dõme

2994 3737 1053 173 aqui il apartiengne de riẽs.

3266 3847 763 133 uant Iaphus ot ce leu

3260 3933 723 255 si ꝯmenca le chief a

3006 4049 989 150 croller. Et dist al helcanus

3006 4153 1000 162 Sachiez que ci a escript. Dõt

3018 4274 971 127 apris helcanus la lectre. et

3000 4361 1047 150 la lut de chief en chief. Et

3006 4471 971 138 dont demanda ala pucele

2994 4580 1007 168 qui tele lectre li auoit bail

2994 4696 983 156 liee. Sire dist ele ce uous

2994 4800 995 150 saurai ie bien adire auant

3000 4904 1018 150 que ie de uous de parte. ma

3000 5014 989 161 is dites moi auant que les

3006 5135 977 144 nouueles uous auez oy de

3006 5233 995 168 ceulz que uous enuoiastes

2994 5354 966 139 el messages. Damoisele

3000 5453 1001 150 nous auous oy dire que as

3000 5557 1006 150 canus les afait occirre. Par

2994 5661 989 213 dieu sire dist ele ce na pas

2960 3864 283 451 Q

4463 340 226 272 169
