5273 6932
699 612 1000 156 maniere que auenu liestoit.

936 710 752 162 uant li preudom la

948 814 740 139 entendu. si sest tour

682 901 1017 144 nez u's lui. ce que il nauoit

688 1005 1034 161 pieca fait. se on neli auoit

676 1114 1012 151 aidie. Dont dist. Sire chr's

676 1224 1029 150 Sachiez que mlt' ai oy ꝑler

670 1322 1024 145 de celui aqui uous dites q̃

688 1426 1011 151 uous estes. Et sachiez que

676 1536 1012 162 sa mere demoura ceenz a

670 1646 1012 162 uec moi pres de .u. anz. et

682 1773 1006 127 demi. Quant mirrus oy

676 1854 1006 156 ce. si ot gnͣt merueille si

664 1958 1012 138 que il oublia toute sa dou

664 2050 1030 162 leur que il sentoit. Dont

664 2143 1076 156 dist. ha: sire pour dieu souf

682 2276 994 138 frez uous que ie uoise quer

659 2362 1046 145 re mon compaignon qui

670 2472 1018 133 mlt' est il adessouz desa force.

653 2564 1006 151 Car ie ai gnͣt paour delui

653 2651 1035 185 se ie tant demouroie que uoꝰ

653 2772 1029 150 meussiez dit aucunes nou

653 2888 983 150 ueles que ie uous ueul de

647 2963 995 162 mander. Aiez dist il. Car

647 3090 1018 150 uous mais hui ne demain

647 3194 983 144 ne de partrez de ci. se uous

635 3281 1007 167 men creez. Sire dist il gnͣs

635 3402 1041 162 merciz. Dont est uenu mi

635 3506 1035 133 rus ason ꝯpaignon 7 le tro

647 3604 1035 162 uua a gnͣt meschief. 7 lidist

653 3720 1000 138 amis nous yrons ci pres a

630 3812 1040 145 a .i. hermitage. 7 la a .i. saĩt

630 3910 1023 145 hõme qui nous aidera 7 con

635 4009 1035 150 seillera mais hui. Quant

630 4118 1017 162 il oy ce. si fu mlt' liez 7 sest le

630 4234 1012 144 uez a mlt' grant paine. et

624 4332 1018 168 mirrus apris les cheuaus 7

653 4453 983 151 sen sont en tele maniere a

624 4540 1035 185 lez apie. Tant que il furẽt

821 4748 809 167 Quant il furent la

861 4881 781 133 uenu. Li iones hom

659 4985 983 144 apresentemẽt pris leur che

641 5112 995 133 uaus et les amis en une a

618 5210 1058 168 cante. 7 leur dõna orge dõt

635 5337 989 237 il mengierent mlt' uolen

630 5424 1000 144 tiers. Dont est repairiez

630 5516 1006 156 arriere a eulz. Et leur dist.

641 5626 983 139 biaus seigneurs uous aide

635 5707 1012 196 rai ie plus de riens. Amis

693 612 220 439 Q

1890 623 971 145 distrent il bien aurions i

1879 716 959 150 mestier daide. Mais mau

1879 791 982 156 uaisement en estres aaisiez

1896 906 983 145 Dont ne sorent que faire

1902 1010 948 151 de eulz desarmer. pour le

1867 1109 977 156 ur plaies. Et dautre part

1867 1230 971 150 il nauoient nules robes

1879 1322 954 151 dont il se peusseut uestir. 7

1867 1426 1000 151 tant quil se sont mlt' com

1850 1525 994 156 plaint. Et qnͣt li iouuen

1855 1634 1030 156 ciaus oy ce. sile dist au uiel

1861 1750 1000 144 hõme. Et dont apela il mi

1850 1860 959 138 rrus 7 li dist. 7 il uiut alui

1838 1952 1012 139 7 dist sire que uous plaist.

1850 2056 988 150 Ie sai dist il que uous estes tp

1844 2154 994 162 fort naure. desuestez uous

1838 2258 1047 145 de uos armes. Et uous uestez

1827 2356 1017 145 de tiex uesteures que ie uous

1821 2455 1017 150 porrai dõner. Dusques atãt

1832 2559 1006 150 que ie uous ensaignerai qui

1832 2651 1012 173 de uos plaies uous porra gue

1838 2778 1000 139 rir. Sire dist il gnͣs mercis.

1867 2876 994 150 Dont a ꝯmencie a des armer

1832 2974 977 156 eligius. Et li iouuenciaus

1821 3084 1035 156 li a aporte une cote chaude

1815 3188 1006 150 et .i. gris mantel li afait

1809 3275 1029 167 afubler. Et qnͣt il se uit aĩs

1809 3385 1006 179 si appareilliez. Dont ne se pot

1809 3506 1018 144 tenu que il ne sourrisist.et

1827 3610 965 144 tout aussi fist mirrus. A

1803 3702 983 151 pres sest fait desarmer.et

1803 3806 1012 145 se uesti tout en autre tel ma

1821 3905 988 144 niere ꝯme son ꝯpaignon a

1798 4003 1011 138 uoit fait. Quant il furent

1821 4107 994 144 Ainssi atourne. Sachiez que

1803 4211 989 173 mlt' bien semblerent her

1798 4332 994 168 mite.Dont sen uindrent

1798 4436 1000 162 deuant le preudoõme 7 li pri

1792 4552 1012 144 erent pour dieu que il les ꝯ

1786 4655 983 151 seillast de leur plaies se il

1792 4765 994 133 sauoit. Par dieu dist il bien

1798 4869 994 156 uous en est auenu. Car ẽ

1798 4967 1006 151 nul mois de lan. on ne porro

1786 5089 995 144 it recouurer de lerbe dont

1786 5187 977 173 ie uous garirai fors ence

1792 5308 1012 150 stui porpris. Dont apela le

1792 5418 954 156 ione hermite. Et li dist a

1798 5522 959 139 mis alez en cele court la

1792 5609 971 144 derriere. 7 prenez Emyla

1792 5713 989 236 et autres herbes que uoꝰ

3052 577 1035 168 ytrouuerez delez quisont tpͦ

3058 704 1000 150 bõnes. Apres siles me lauez

3052 802 983 151 mlt' bien 7 les trible entre

3052 901 1047 150 uos mains. Si espandez le ius

3047 993 1000 168 sus leur plaies par tout la

3041 1097 1023 162 ou il les uous mousterront.

3041 1189 1029 191 Cilz la fait tout entele ma

3047 1322 1017 156 niere ꝯme li preudom li en

3041 1421 1023 161 seigna. Et qnͣt cil sentirẽt

3041 1530 1023 145 la medecine. Si leur ꝯmen

3035 1640 1018 139 ca plus 7 plus la douleur de

3041 1744 983 139 leur plaies a assouagier.

3035 1831 989 173 Dont loerent dieu de ceste

3029 1946 983 162 chose. Lors leur demanda

3041 2050 983 156 li hermites ꝯment il leur

3023 2143 995 173 estoit. Et il distrenz sire. Il

3029 2247 1012 150 nous semble que nous soiõs

3029 2356 1070 145 emparadis. Or uous souffiez

3029 2449 995 162 dist il. Car dedenz .iii. iours

3023 2559 1012 150 uous nenlairez ia acheuau

3018 2651 1017 162 chier.Mais or me dites pu

3029 2790 960 132 is qnͣt uous ne mengastes

3023 2859 972 173 par foi sire distrenr il noꝰ

3023 2980 978 145 ne beumes hui ne ne mẽia

3023 3096 960 237 mes. Sifis dist Elygius Ie

3006 3188 1012 145 bui orains de cele fontaine

3006 3286 989 133 en cele forest. Dont leur a

3006 3367 1052 174 fait aporter li hermites bxxx

3023 3500 1006 139 pain dorge. 7 de segle 7 yaue

3000 3598 983 145 clere. ytele uiande ꝯme il

3006 3691 1000 144 mẽroit. Et dist bi aus seig

3000 3801 966 150 neurs mẽgiez de cel pain

3000 3881 1024 162 tel ꝯme nous lauons. Car

3006 4009 983 127 sachiez se ie miex eusse plꝰ

3006 4107 995 138 uolentiers le uous dõnasse.

2989 4211 1000 150 Ha: sire distrent il grans

3000 4326 1006 156 mercis. Dont ont mengie

2983 4424 1000 151 et beu a talent. Et qnͣt il

2983 4517 1087 173 ont ce fait. si ont mis lepreu

2983 4638 1041 150 dõme a raison 7 li ont demã

2983 4759 1035 145 de ꝯment ce auoit este que

2977 4863 971 168 la mere helcanus auoit

2977 4962 1000 150 demoure auec lui tant cõ

2983 5089 1000 150 me il disoit. Dont leur a

2983 5181 1012 156 compte enquele maniere

2983 5297 1018 150 ele estoit la uenue. 7 ꝯmẽt

2977 5412 1006 156 ele auoit demore en lermi

2983 5516 1006 145 tage. 7 tout en autele ma

2983 5620 989 139 niere ꝯme li traiteur du

2977 5713 1006 294 pays lauoient traye. 7 cõ

4486 202 214 381 163

612 4673 550 462 alermitage.

630 4673 231 462 Q
