<?xml version="1.0" encoding="UTF-8"?>
<alto xmlns:xsi="http://www.w3.org/2001/XMLSchema-instance"
      xmlns="http://www.loc.gov/standards/alto/ns-v4#"
      xsi:schemaLocation="http://www.loc.gov/standards/alto/ns-v4# http://www.loc.gov/standards/alto/v4/alto-4-2.xsd">
  <Description>
    <MeasurementUnit>pixel</MeasurementUnit>
    <sourceImageInformation>
      <fileName>f.163v.jpg</fileName>
      
    </sourceImageInformation>
  </Description>
  
  <Tags>
    <OtherTag ID="BT3132" LABEL="MainZone#3" DESCRIPTION="block type MainZone#3"/><OtherTag ID="BT3131" LABEL="TitlePageZone" DESCRIPTION="block type TitlePageZone"/><OtherTag ID="BT3130" LABEL="TableZone" DESCRIPTION="block type TableZone"/><OtherTag ID="BT3129" LABEL="StampZone" DESCRIPTION="block type StampZone"/><OtherTag ID="BT3128" LABEL="SealZone" DESCRIPTION="block type SealZone"/><OtherTag ID="BT3127" LABEL="RunningTitleZone" DESCRIPTION="block type RunningTitleZone"/><OtherTag ID="BT3126" LABEL="QuireMarksZone" DESCRIPTION="block type QuireMarksZone"/><OtherTag ID="BT3125" LABEL="NumberingZone" DESCRIPTION="block type NumberingZone"/><OtherTag ID="BT3124" LABEL="MusicZone" DESCRIPTION="block type MusicZone"/><OtherTag ID="BT3123" LABEL="MarginTextZone" DESCRIPTION="block type MarginTextZone"/><OtherTag ID="BT3122" LABEL="GraphicZone" DESCRIPTION="block type GraphicZone"/><OtherTag ID="BT3121" LABEL="MainZone#2" DESCRIPTION="block type MainZone#2"/><OtherTag ID="BT3120" LABEL="MainZone#1" DESCRIPTION="block type MainZone#1"/><OtherTag ID="BT3119" LABEL="DropCapitalZone" DESCRIPTION="block type DropCapitalZone"/><OtherTag ID="BT3118" LABEL="DigitizationArtefactZone" DESCRIPTION="block type DigitizationArtefactZone"/><OtherTag ID="BT3117" LABEL="DamageZone" DESCRIPTION="block type DamageZone"/>
    <OtherTag ID="LT1087" LABEL="DefaultLine" DESCRIPTION="line type DefaultLine"/><OtherTag ID="LT1091" LABEL="MusicLine" DESCRIPTION="line type MusicLine"/><OtherTag ID="LT1090" LABEL="InterlinearLine" DESCRIPTION="line type InterlinearLine"/><OtherTag ID="LT1089" LABEL="HeadingLine" DESCRIPTION="line type HeadingLine"/><OtherTag ID="LT1088" LABEL="DropCapitalLine" DESCRIPTION="line type DropCapitalLine"/>
  </Tags>
  
  <Layout>
    <Page WIDTH="5273"
          HEIGHT="6932"
          PHYSICAL_IMG_NR="7"
          ID="eSc_dummypage_">
      <PrintSpace HPOS="0"
                  VPOS="0"
                  WIDTH="5273"
                  HEIGHT="6932">
        
        <TextBlock HPOS="1177"
                   VPOS="556"
                   WIDTH="1223"
                   HEIGHT="5424"
                   ID="eSc_textblock_68d056f1"
                   TAGREFS="BT3120">
          <Shape><Polygon POINTS="1177 556 1177 5980 2400 5980 2400 556"/></Shape>
          
          
          <TextLine ID="eSc_line_955dadb2"
                    TAGREFS="LT1087"
                    BASELINE="1306 733 2330 722" 
                    HPOS="1289"
                    VPOS="594"
                    WIDTH="1035"
                    HEIGHT="191">
            <Shape><Polygon POINTS="1300 727 1289 629 2306 594 2324 716 2318 768 1300 785"/></Shape>
	    <String CONTENT="ment ele fu arriere en la seig"
                    HPOS="1289"
                    VPOS="594"
                    WIDTH="1035"
                    HEIGHT="191"></String>
          </TextLine>

          
          
          <TextLine ID="eSc_line_7d8afebf"
                    TAGREFS="LT1087"
                    BASELINE="1312 837 2335 837" 
                    HPOS="1300"
                    VPOS="733"
                    WIDTH="1030"
                    HEIGHT="145">
            <Shape><Polygon POINTS="1306 831 1300 739 2324 733 2330 831 2330 878 1306 878"/></Shape>
	    <String CONTENT="norie. tout leur compta que"
                    HPOS="1300"
                    VPOS="733"
                    WIDTH="1030"
                    HEIGHT="145"></String>
          </TextLine>

          
          
          <TextLine ID="eSc_line_427c15a6"
                    TAGREFS="LT1087"
                    BASELINE="1318 935 2312 924" 
                    HPOS="1300"
                    VPOS="837"
                    WIDTH="1006"
                    HEIGHT="145">
            <Shape><Polygon POINTS="1312 930 1300 843 2289 837 2306 918 2301 970 1312 982"/></Shape>
	    <String CONTENT="de riens ni failli. en tele ma"
                    HPOS="1300"
                    VPOS="837"
                    WIDTH="1006"
                    HEIGHT="145"></String>
          </TextLine>

          
          
          <TextLine ID="eSc_line_4446ad6b"
                    TAGREFS="LT1087"
                    BASELINE="1318 1028 2312 1028" 
                    HPOS="1312"
                    VPOS="935"
                    WIDTH="994"
                    HEIGHT="133">
            <Shape><Polygon POINTS="1312 1022 1312 935 2306 935 2306 1022 2306 1051 1312 1068"/></Shape>
	    <String CONTENT="niere ꝯme deuant est dit. ⁊"
                    HPOS="1312"
                    VPOS="935"
                    WIDTH="994"
                    HEIGHT="133"></String>
          </TextLine>

          
          
          <TextLine ID="eSc_line_9625a37f"
                    TAGREFS="LT1087"
                    BASELINE="1318 1143 2312 1114" 
                    HPOS="1295"
                    VPOS="1010"
                    WIDTH="1011"
                    HEIGHT="156">
            <Shape><Polygon POINTS="1312 1138 1295 1034 2289 1010 2306 1109 2301 1161 1312 1166"/></Shape>
	    <String CONTENT="quant il ont ce oy. Sachiez"
                    HPOS="1295"
                    VPOS="1010"
                    WIDTH="1011"
                    HEIGHT="156"></String>
          </TextLine>

          
          
          <TextLine ID="eSc_line_a9c234b3"
                    TAGREFS="LT1087"
                    BASELINE="1312 1230 2318 1218" 
                    HPOS="1295"
                    VPOS="1120"
                    WIDTH="1017"
                    HEIGHT="168">
            <Shape><Polygon POINTS="1306 1224 1295 1120 2301 1120 2312 1213 2306 1270 1306 1288"/></Shape>
	    <String CONTENT="que mlt&#39; sen merueillierẽt"
                    HPOS="1295"
                    VPOS="1120"
                    WIDTH="1017"
                    HEIGHT="168"></String>
          </TextLine>

          
          
          <TextLine ID="eSc_line_6de98f91"
                    TAGREFS="LT1087"
                    BASELINE="1312 1340 2341 1328" 
                    HPOS="1289"
                    VPOS="1218"
                    WIDTH="1046"
                    HEIGHT="162">
            <Shape><Polygon POINTS="1306 1334 1289 1247 2318 1218 2335 1322 2335 1380 1306 1380"/></Shape>
	    <String CONTENT="Car onques mais nẽ auoi"
                    HPOS="1289"
                    VPOS="1218"
                    WIDTH="1046"
                    HEIGHT="162"></String>
          </TextLine>

          
          
          <TextLine ID="eSc_line_fbb30bcb"
                    TAGREFS="LT1087"
                    BASELINE="1318 1444 2330 1444" 
                    HPOS="1306"
                    VPOS="1351"
                    WIDTH="1018"
                    HEIGHT="133">
            <Shape><Polygon POINTS="1312 1438 1312 1351 2324 1351 2324 1438 2318 1484 1306 1473"/></Shape>
	    <String CONTENT="ent oy parler. En tele ma"
                    HPOS="1306"
                    VPOS="1351"
                    WIDTH="1018"
                    HEIGHT="133"></String>
          </TextLine>

          
          
          <TextLine ID="eSc_line_78e2195b"
                    TAGREFS="LT1087"
                    BASELINE="1318 1553 2330 1542" 
                    HPOS="1295"
                    VPOS="1444"
                    WIDTH="1029"
                    HEIGHT="144">
            <Shape><Polygon POINTS="1312 1548 1295 1455 2306 1444 2324 1536 2324 1577 1312 1588"/></Shape>
	    <String CONTENT="niere demorerent la nuit"
                    HPOS="1295"
                    VPOS="1444"
                    WIDTH="1029"
                    HEIGHT="144"></String>
          </TextLine>

          
          
          <TextLine ID="eSc_line_511fd939"
                    TAGREFS="LT1087"
                    BASELINE="1277 1663 2324 1652" 
                    HPOS="1254"
                    VPOS="1548"
                    WIDTH="1064"
                    HEIGHT="156">
            <Shape><Polygon POINTS="1271 1657 1254 1559 2301 1548 2318 1646 2312 1698 1271 1704"/></Shape>
	    <String CONTENT="o lermite qui les aaisa de ce"
                    HPOS="1254"
                    VPOS="1548"
                    WIDTH="1064"
                    HEIGHT="156"></String>
          </TextLine>

          
          
          <TextLine ID="eSc_line_086badda"
                    TAGREFS="LT1087"
                    BASELINE="1324 1773 1763 1761" 
                    HPOS="1312"
                    VPOS="1640"
                    WIDTH="445"
                    HEIGHT="208">
            <Shape><Polygon POINTS="1318 1767 1312 1640 1410 1669 1485 1646 1514 1640 1520 1640 1520 1640 1526 1640 1526 1640 1746 1663 1757 1756 1751 1808 1480 1790 1324 1848"/></Shape>
	    <String CONTENT="que il pot."
                    HPOS="1312"
                    VPOS="1640"
                    WIDTH="445"
                    HEIGHT="208"></String>
          </TextLine>

          
          
          <TextLine ID="eSc_line_a6dbbc7b"
                    TAGREFS="LT1087"
                    BASELINE="1571 1838 2341 1828" 
                    HPOS="1549"
                    VPOS="1733"
                    WIDTH="786"
                    HEIGHT="173">
            <Shape><Polygon POINTS="1566 1836 1549 1750 2318 1733 2335 1825 2330 1894 1566 1906"/></Shape>
	    <String CONTENT="Vant ce vint a len"
                    HPOS="1549"
                    VPOS="1733"
                    WIDTH="786"
                    HEIGHT="173"></String>
          </TextLine>

          
          
          <TextLine ID="eSc_line_be7fc372"
                    TAGREFS="LT1088"
                    BASELINE="1327 1944 1558 1950" 
                    HPOS="1312"
                    VPOS="1634"
                    WIDTH="243"
                    HEIGHT="491">
            <Shape><Polygon POINTS="1324 1940 1335 1634 1410 1663 1555 1640 1555 1946 1543 2125 1312 2102"/></Shape>
	    <String CONTENT="Q"
                    HPOS="1312"
                    VPOS="1634"
                    WIDTH="243"
                    HEIGHT="491"></String>
          </TextLine>

          
          
          <TextLine ID="eSc_line_96c067d4"
                    TAGREFS="LT1087"
                    BASELINE="1591 1936 2321 1936" 
                    HPOS="1584"
                    VPOS="1860"
                    WIDTH="734"
                    HEIGHT="167">
            <Shape><Polygon POINTS="1589 1935 1584 1865 2312 1860 2318 1935 2318 2004 1589 2027"/></Shape>
	    <String CONTENT="demain. et il fu gnͣt"
                    HPOS="1584"
                    VPOS="1860"
                    WIDTH="734"
                    HEIGHT="167"></String>
          </TextLine>

          
          
          <TextLine ID="eSc_line_61868b28"
                    TAGREFS="LT1087"
                    BASELINE="1318 2079 2358 2068" 
                    HPOS="1300"
                    VPOS="1964"
                    WIDTH="1053"
                    HEIGHT="156">
            <Shape><Polygon POINTS="1312 2073 1300 1964 2341 1969 2353 2062 2347 2120 1312 2120"/></Shape>
	    <String CONTENT="heure. dont firent leur pla"
                    HPOS="1300"
                    VPOS="1964"
                    WIDTH="1053"
                    HEIGHT="156"></String>
          </TextLine>

          
          
          <TextLine ID="eSc_line_04ceb85d"
                    TAGREFS="LT1087"
                    BASELINE="1324 2177 2335 2166" 
                    HPOS="1300"
                    VPOS="2068"
                    WIDTH="1030"
                    HEIGHT="156">
            <Shape><Polygon POINTS="1318 2172 1300 2073 2312 2068 2330 2160 2318 2224 1312 2212"/></Shape>
	    <String CONTENT="ies remuer. Et leur sem"
                    HPOS="1300"
                    VPOS="2068"
                    WIDTH="1030"
                    HEIGHT="156"></String>
          </TextLine>

          
          
          <TextLine ID="eSc_line_19889809"
                    TAGREFS="LT1087"
                    BASELINE="1324 2287 2347 2270" 
                    HPOS="1306"
                    VPOS="2172"
                    WIDTH="1035"
                    HEIGHT="161">
            <Shape><Polygon POINTS="1318 2281 1306 2172 2330 2177 2341 2264 2341 2316 1318 2333"/></Shape>
	    <String CONTENT="bla quil guerissoient tout"
                    HPOS="1306"
                    VPOS="2172"
                    WIDTH="1035"
                    HEIGHT="161"></String>
          </TextLine>

          
          
          <TextLine ID="eSc_line_cdf3e5a8"
                    TAGREFS="LT1087"
                    BASELINE="1335 2385 2347 2385" 
                    HPOS="1329"
                    VPOS="2293"
                    WIDTH="1012"
                    HEIGHT="138">
            <Shape><Polygon POINTS="1329 2379 1329 2293 2341 2293 2341 2379 2341 2420 1329 2431"/></Shape>
	    <String CONTENT="Dont dist li vns a lautre ꝯ"
                    HPOS="1329"
                    VPOS="2293"
                    WIDTH="1012"
                    HEIGHT="138"></String>
          </TextLine>

          
          
          <TextLine ID="eSc_line_7a2233c2"
                    TAGREFS="LT1087"
                    BASELINE="1329 2483 2393 2472" 
                    HPOS="1306"
                    VPOS="2374"
                    WIDTH="1081"
                    HEIGHT="161">
            <Shape><Polygon POINTS="1324 2478 1306 2397 2370 2374 2387 2466 2382 2524 1324 2535"/></Shape>
	    <String CONTENT="ment porrons nous partir"
                    HPOS="1306"
                    VPOS="2374"
                    WIDTH="1081"
                    HEIGHT="161"></String>
          </TextLine>

          
          
          <TextLine ID="eSc_line_7990c9fa"
                    TAGREFS="LT1087"
                    BASELINE="1335 2582 2370 2582" 
                    HPOS="1324"
                    VPOS="2483"
                    WIDTH="1040"
                    HEIGHT="151">
            <Shape><Polygon POINTS="1329 2576 1324 2489 2358 2483 2364 2576 2358 2634 1324 2611"/></Shape>
	    <String CONTENT="de cest pays. Nous sauons"
                    HPOS="1324"
                    VPOS="2483"
                    WIDTH="1040"
                    HEIGHT="151"></String>
          </TextLine>

          
          
          <TextLine ID="eSc_line_96f95b31"
                    TAGREFS="LT1087"
                    BASELINE="1335 2691 2335 2680" 
                    HPOS="1312"
                    VPOS="2587"
                    WIDTH="1018"
                    HEIGHT="162">
            <Shape><Polygon POINTS="1329 2686 1312 2599 2312 2587 2330 2674 2324 2726 1329 2749"/></Shape>
	    <String CONTENT="bien que se nous sõmes a"
                    HPOS="1312"
                    VPOS="2587"
                    WIDTH="1018"
                    HEIGHT="162"></String>
          </TextLine>

          
          
          <TextLine ID="eSc_line_71cf97d5"
                    TAGREFS="LT1087"
                    BASELINE="1335 2795 2330 2795" 
                    HPOS="1324"
                    VPOS="2691"
                    WIDTH="1000"
                    HEIGHT="156">
            <Shape><Polygon POINTS="1329 2790 1324 2709 2318 2691 2324 2790 2324 2824 1329 2847"/></Shape>
	    <String CONTENT="perceuz que nous sõmes ṭ"
                    HPOS="1324"
                    VPOS="2691"
                    WIDTH="1000"
                    HEIGHT="156"></String>
          </TextLine>

          
          
          <TextLine ID="eSc_line_8f1af62d"
                    TAGREFS="LT1087"
                    BASELINE="1341 2911 2330 2899" 
                    HPOS="1318"
                    VPOS="2801"
                    WIDTH="1006"
                    HEIGHT="133">
            <Shape><Polygon POINTS="1335 2905 1318 2813 2306 2801 2324 2894 2318 2922 1335 2934"/></Shape>
	    <String CONTENT="mort. Dont souuint a"
                    HPOS="1318"
                    VPOS="2801"
                    WIDTH="1006"
                    HEIGHT="133"></String>
          </TextLine>

          
          
          <TextLine ID="eSc_line_5722edcb"
                    TAGREFS="LT1087"
                    BASELINE="1335 3009 2330 2998" 
                    HPOS="1318"
                    VPOS="2899"
                    WIDTH="1006"
                    HEIGHT="156">
            <Shape><Polygon POINTS="1329 3003 1318 2899 2312 2905 2324 2992 2324 3044 1329 3055"/></Shape>
	    <String CONTENT="Mirrus de la pucele qui si"
                    HPOS="1318"
                    VPOS="2899"
                    WIDTH="1006"
                    HEIGHT="156"></String>
          </TextLine>

          
          
          <TextLine ID="eSc_line_710c73f4"
                    TAGREFS="LT1087"
                    BASELINE="1341 3107 2353 3096" 
                    HPOS="1318"
                    VPOS="3003"
                    WIDTH="1029"
                    HEIGHT="156">
            <Shape><Polygon POINTS="1335 3102 1318 3015 2330 3003 2347 3090 2347 3142 1335 3159"/></Shape>
	    <String CONTENT="gnͣt bien leur auoit fait."
                    HPOS="1318"
                    VPOS="3003"
                    WIDTH="1029"
                    HEIGHT="156"></String>
          </TextLine>

          
          
          <TextLine ID="eSc_line_03715a2d"
                    TAGREFS="LT1087"
                    BASELINE="1341 3217 2387 3200" 
                    HPOS="1318"
                    VPOS="3107"
                    WIDTH="1064"
                    HEIGHT="145">
            <Shape><Polygon POINTS="1335 3211 1318 3119 2364 3107 2382 3194 2382 3252 1335 3252"/></Shape>
	    <String CONTENT="Et puis leur pria que il par"
                    HPOS="1318"
                    VPOS="3107"
                    WIDTH="1064"
                    HEIGHT="145"></String>
          </TextLine>

          
          
          <TextLine ID="eSc_line_bd1b3b74"
                    TAGREFS="LT1087"
                    BASELINE="1341 3310 2341 3310" 
                    HPOS="1335"
                    VPOS="3211"
                    WIDTH="1000"
                    HEIGHT="151">
            <Shape><Polygon POINTS="1335 3304 1335 3211 2335 3217 2335 3304 2335 3356 1335 3362"/></Shape>
	    <String CONTENT="eulz repairassent. Mais"
                    HPOS="1335"
                    VPOS="3211"
                    WIDTH="1000"
                    HEIGHT="151"></String>
          </TextLine>

          
          
          <TextLine ID="eSc_line_3e440990"
                    TAGREFS="LT1087"
                    BASELINE="1347 3419 2330 3396" 
                    HPOS="1324"
                    VPOS="3304"
                    WIDTH="1000"
                    HEIGHT="167">
            <Shape><Polygon POINTS="1341 3414 1324 3327 2306 3304 2324 3390 2318 3431 1341 3471"/></Shape>
	    <String CONTENT="puis penserent a ce quil"
                    HPOS="1324"
                    VPOS="3304"
                    WIDTH="1000"
                    HEIGHT="167"></String>
          </TextLine>

          
          
          <TextLine ID="eSc_line_c7a719e2"
                    TAGREFS="LT1087"
                    BASELINE="1347 3517 2347 3517" 
                    HPOS="1341"
                    VPOS="3425"
                    WIDTH="1000"
                    HEIGHT="139">
            <Shape><Polygon POINTS="1341 3512 1341 3425 2341 3425 2341 3512 2341 3558 1341 3564"/></Shape>
	    <String CONTENT="auoient son frere mort."
                    HPOS="1341"
                    VPOS="3425"
                    WIDTH="1000"
                    HEIGHT="139"></String>
          </TextLine>

          
          
          <TextLine ID="eSc_line_2ed40ad5"
                    TAGREFS="LT1087"
                    BASELINE="1341 3627 2347 3610" 
                    HPOS="1324"
                    VPOS="3506"
                    WIDTH="1017"
                    HEIGHT="150">
            <Shape><Polygon POINTS="1335 3621 1324 3506 2330 3512 2341 3604 2341 3656 1335 3656"/></Shape>
	    <String CONTENT="Si ne sorent que faire ou"
                    HPOS="1324"
                    VPOS="3506"
                    WIDTH="1017"
                    HEIGHT="150"></String>
          </TextLine>

          
          
          <TextLine ID="eSc_line_4af34a90"
                    TAGREFS="LT1087"
                    BASELINE="1352 3708 2353 3725" 
                    HPOS="1335"
                    VPOS="3610"
                    WIDTH="1012"
                    HEIGHT="162">
            <Shape><Polygon POINTS="1347 3702 1347 3610 2341 3627 2347 3720 2335 3772 1335 3754"/></Shape>
	    <String CONTENT="denuoier arriere pour se"
                    HPOS="1335"
                    VPOS="3610"
                    WIDTH="1012"
                    HEIGHT="162"></String>
          </TextLine>

          
          
          <TextLine ID="eSc_line_23bedd86"
                    TAGREFS="LT1087"
                    BASELINE="1352 3818 2330 3818" 
                    HPOS="1341"
                    VPOS="3720"
                    WIDTH="983"
                    HEIGHT="156">
            <Shape><Polygon POINTS="1347 3812 1341 3731 2318 3720 2324 3812 2324 3870 1347 3876"/></Shape>
	    <String CONTENT="cours a Gasus. ou a la pu"
                    HPOS="1341"
                    VPOS="3720"
                    WIDTH="983"
                    HEIGHT="156"></String>
          </TextLine>

          
          
          <TextLine ID="eSc_line_146a2f67"
                    TAGREFS="LT1087"
                    BASELINE="1358 3928 2364 3916" 
                    HPOS="1335"
                    VPOS="3824"
                    WIDTH="1023"
                    HEIGHT="133">
            <Shape><Polygon POINTS="1352 3922 1335 3835 2341 3824 2358 3910 2358 3945 1352 3957"/></Shape>
	    <String CONTENT="cele pour sauoir quele vou"
                    HPOS="1335"
                    VPOS="3824"
                    WIDTH="1023"
                    HEIGHT="133"></String>
          </TextLine>

          
          
          <TextLine ID="eSc_line_1f384741"
                    TAGREFS="LT1087"
                    BASELINE="1358 4026 2341 4014" 
                    HPOS="1341"
                    VPOS="3922"
                    WIDTH="994"
                    HEIGHT="144">
            <Shape><Polygon POINTS="1352 4020 1341 3922 2324 3922 2335 4009 2330 4066 1347 4060"/></Shape>
	    <String CONTENT="droit dire. de ce quil deuoi"
                    HPOS="1341"
                    VPOS="3922"
                    WIDTH="994"
                    HEIGHT="144"></String>
          </TextLine>

          
          
          <TextLine ID="eSc_line_66cdb31a"
                    TAGREFS="LT1087"
                    BASELINE="1358 4130 2370 4107" 
                    HPOS="1335"
                    VPOS="4020"
                    WIDTH="1029"
                    HEIGHT="144">
            <Shape><Polygon POINTS="1352 4124 1335 4043 2347 4020 2364 4101 2358 4141 1352 4164"/></Shape>
	    <String CONTENT="ent par la retorner. Par"
                    HPOS="1335"
                    VPOS="4020"
                    WIDTH="1029"
                    HEIGHT="144"></String>
          </TextLine>

          
          
          <TextLine ID="eSc_line_7163f2a2"
                    TAGREFS="LT1087"
                    BASELINE="1358 4228 2393 4216" 
                    HPOS="1335"
                    VPOS="4101"
                    WIDTH="1052"
                    HEIGHT="167">
            <Shape><Polygon POINTS="1352 4222 1335 4112 2370 4101 2387 4211 2376 4268 1347 4263"/></Shape>
	    <String CONTENT="foi ce dist Mirrus nous noꝰ"
                    HPOS="1335"
                    VPOS="4101"
                    WIDTH="1052"
                    HEIGHT="167"></String>
          </TextLine>

          
          
          <TextLine ID="eSc_line_ca6ed958"
                    TAGREFS="LT1087"
                    BASELINE="1352 4338 2335 4338" 
                    HPOS="1347"
                    VPOS="4228"
                    WIDTH="983"
                    HEIGHT="162">
            <Shape><Polygon POINTS="1347 4332 1347 4228 2330 4240 2330 4332 2330 4367 1347 4390"/></Shape>
	    <String CONTENT="en ꝯseillerons a nostre o"
                    HPOS="1347"
                    VPOS="4228"
                    WIDTH="983"
                    HEIGHT="162"></String>
          </TextLine>

          
          
          <TextLine ID="eSc_line_36d8d7ba"
                    TAGREFS="LT1087"
                    BASELINE="1358 4436 2341 4448" 
                    HPOS="1347"
                    VPOS="4332"
                    WIDTH="988"
                    HEIGHT="156">
            <Shape><Polygon POINTS="1352 4430 1347 4344 2330 4332 2335 4442 2330 4488 1347 4488"/></Shape>
	    <String CONTENT="ste. ⁊ il si firent. et li dis"
                    HPOS="1347"
                    VPOS="4332"
                    WIDTH="988"
                    HEIGHT="156"></String>
          </TextLine>

          
          
          <TextLine ID="eSc_line_0c9e9767"
                    TAGREFS="LT1087"
                    BASELINE="1364 4528 2376 4546" 
                    HPOS="1347"
                    VPOS="4448"
                    WIDTH="1023"
                    HEIGHT="144">
            <Shape><Polygon POINTS="1358 4523 1358 4448 2370 4459 2370 4540 2358 4592 1347 4586"/></Shape>
	    <String CONTENT="trent ceste chose. Quant"
                    HPOS="1347"
                    VPOS="4448"
                    WIDTH="1023"
                    HEIGHT="144"></String>
          </TextLine>

          
          
          <TextLine ID="eSc_line_525dba8b"
                    TAGREFS="LT1087"
                    BASELINE="1358 4661 2364 4661" 
                    HPOS="1347"
                    VPOS="4557"
                    WIDTH="1011"
                    HEIGHT="145">
            <Shape><Polygon POINTS="1352 4655 1347 4569 2353 4557 2358 4655 2353 4702 1347 4696"/></Shape>
	    <String CONTENT="il lentendi. si leur dist. Ie"
                    HPOS="1347"
                    VPOS="4557"
                    WIDTH="1011"
                    HEIGHT="145"></String>
          </TextLine>

          
          
          <TextLine ID="eSc_line_f5d345e0"
                    TAGREFS="LT1087"
                    BASELINE="1364 4759 2387 4771" 
                    HPOS="1347"
                    VPOS="4650"
                    WIDTH="1035"
                    HEIGHT="156">
            <Shape><Polygon POINTS="1358 4754 1358 4650 2376 4679 2382 4765 2370 4806 1347 4800"/></Shape>
	    <String CONTENT="vous dirai que vous ferez."
                    HPOS="1347"
                    VPOS="4650"
                    WIDTH="1035"
                    HEIGHT="156"></String>
          </TextLine>

          
          
          <TextLine ID="eSc_line_8960fb42"
                    TAGREFS="LT1087"
                    BASELINE="1364 4881 2335 4869" 
                    HPOS="1347"
                    VPOS="4765"
                    WIDTH="983"
                    HEIGHT="162">
            <Shape><Polygon POINTS="1358 4875 1347 4765 2318 4771 2330 4863 2324 4927 1358 4927"/></Shape>
	    <String CONTENT="Bien a passe .xxx. anz. q̃"
                    HPOS="1347"
                    VPOS="4765"
                    WIDTH="983"
                    HEIGHT="162"></String>
          </TextLine>

          
          
          <TextLine ID="eSc_line_ab251015"
                    TAGREFS="LT1087"
                    BASELINE="1364 4985 2358 4985" 
                    HPOS="1352"
                    VPOS="4875"
                    WIDTH="1001"
                    HEIGHT="162">
            <Shape><Polygon POINTS="1358 4979 1352 4881 2347 4875 2353 4979 2353 5019 1358 5037"/></Shape>
	    <String CONTENT="le pere a la pucele ⁊ a la me"
                    HPOS="1352"
                    VPOS="4875"
                    WIDTH="1001"
                    HEIGHT="162"></String>
          </TextLine>

          
          
          <TextLine ID="eSc_line_a4969019"
                    TAGREFS="LT1087"
                    BASELINE="1358 5095 2358 5095" 
                    HPOS="1347"
                    VPOS="4985"
                    WIDTH="1006"
                    HEIGHT="156">
            <Shape><Polygon POINTS="1352 5089 1347 5002 2347 4985 2353 5089 2347 5141 1347 5129"/></Shape>
	    <String CONTENT="re. mlt&#39; soustenu en cestui"
                    HPOS="1347"
                    VPOS="4985"
                    WIDTH="1006"
                    HEIGHT="156"></String>
          </TextLine>

          
          
          <TextLine ID="eSc_line_189bafd6"
                    TAGREFS="LT1087"
                    BASELINE="1364 5210 2364 5199" 
                    HPOS="1341"
                    VPOS="5095"
                    WIDTH="1017"
                    HEIGHT="161">
            <Shape><Polygon POINTS="1358 5204 1341 5112 2341 5095 2358 5199 2358 5239 1358 5256"/></Shape>
	    <String CONTENT="pays. Et sachiez quele est"
                    HPOS="1341"
                    VPOS="5095"
                    WIDTH="1017"
                    HEIGHT="161"></String>
          </TextLine>

          
          
          <TextLine ID="eSc_line_dcc63727"
                    TAGREFS="LT1087"
                    BASELINE="1358 5320 2364 5331" 
                    HPOS="1347"
                    VPOS="5216"
                    WIDTH="1011"
                    HEIGHT="150">
            <Shape><Polygon POINTS="1352 5314 1352 5216 2353 5216 2358 5326 2353 5360 1347 5366"/></Shape>
	    <String CONTENT="de si bõne vie. et si sage q̃"
                    HPOS="1347"
                    VPOS="5216"
                    WIDTH="1011"
                    HEIGHT="150"></String>
          </TextLine>

          
          
          <TextLine ID="eSc_line_d28f3334"
                    TAGREFS="LT1087"
                    BASELINE="1358 5441 2335 5441" 
                    HPOS="1352"
                    VPOS="5343"
                    WIDTH="978"
                    HEIGHT="133">
            <Shape><Polygon POINTS="1352 5435 1352 5343 2330 5343 2330 5435 2330 5470 1352 5476"/></Shape>
	    <String CONTENT="ele ne feroit chose ou il"
                    HPOS="1352"
                    VPOS="5343"
                    WIDTH="978"
                    HEIGHT="133"></String>
          </TextLine>

          
          
          <TextLine ID="eSc_line_5539d528"
                    TAGREFS="LT1087"
                    BASELINE="1364 5545 2370 5545" 
                    HPOS="1352"
                    VPOS="5430"
                    WIDTH="1012"
                    HEIGHT="156">
            <Shape><Polygon POINTS="1358 5539 1352 5441 2358 5430 2364 5539 2358 5586 1352 5574"/></Shape>
	    <String CONTENT="neust bõne raison. Ie li ị"
                    HPOS="1352"
                    VPOS="5430"
                    WIDTH="1012"
                    HEIGHT="156"></String>
          </TextLine>

          
          
          <TextLine ID="eSc_line_e13cb259"
                    TAGREFS="LT1087"
                    BASELINE="1370 5649 2399 5632" 
                    HPOS="1347"
                    VPOS="5539"
                    WIDTH="1058"
                    HEIGHT="156">
            <Shape><Polygon POINTS="1364 5643 1347 5557 2376 5539 2393 5626 2405 5649 2370 5684 2370 5690 2370 5690 2364 5690 2364 5690 2364 5690 2358 5690 2358 5690 2358 5690 2046 5695 2040 5695 1358 5672"/></Shape>
	    <String CONTENT="manderai par mon desciple"
                    HPOS="1347"
                    VPOS="5539"
                    WIDTH="1058"
                    HEIGHT="156"></String>
          </TextLine>

          
          
          <TextLine ID="eSc_line_1a4bdcf3"
                    TAGREFS="LT1087"
                    BASELINE="1370 5747 2382 5747" 
                    HPOS="1358"
                    VPOS="5643"
                    WIDTH="1018"
                    HEIGHT="139">
            <Shape><Polygon POINTS="1364 5742 1358 5655 2370 5643 2376 5742 2376 5782 1364 5782"/></Shape>
	    <String CONTENT="que vous estes en tel point"
                    HPOS="1358"
                    VPOS="5643"
                    WIDTH="1018"
                    HEIGHT="139"></String>
          </TextLine>

          
          
          <TextLine ID="eSc_line_0bbd2dd8"
                    TAGREFS="LT1087"
                    BASELINE="1370 5857 2382 5857" 
                    HPOS="1347"
                    VPOS="5765"
                    WIDTH="1029"
                    HEIGHT="184">
            <Shape><Polygon POINTS="1364 5851 1364 5765 2376 5765 2376 5851 2376 5949 2006 5949 2000 5944 2000 5944 1994 5944 1994 5944 1994 5944 1960 5926 1907 5897 1780 5915 1647 5932 1647 5932 1642 5932 1642 5932 1642 5932 1474 5897 1468 5897 1462 5897 1433 5926 1433 5926 1428 5926 1428 5926 1428 5926 1422 5926 1422 5926 1422 5926 1416 5926 1416 5926 1416 5926 1410 5926 1410 5926 1404 5926 1347 5892"/></Shape>
	    <String CONTENT="ci. et que ele mete conseil"
                    HPOS="1347"
                    VPOS="5765"
                    WIDTH="1029"
                    HEIGHT="184"></String>
          </TextLine>

          
        </TextBlock>
        
        <TextBlock HPOS="2508"
                   VPOS="625"
                   WIDTH="1154"
                   HEIGHT="5365"
                   ID="eSc_textblock_14fd430b"
                   TAGREFS="BT3121">
          <Shape><Polygon POINTS="2508 625 2508 5990 3662 5990 3662 625"/></Shape>
          
          
          <TextLine ID="eSc_line_5f8ed2fd"
                    TAGREFS="LT1087"
                    BASELINE="2526 739 3492 722" 
                    HPOS="2509"
                    VPOS="629"
                    WIDTH="977"
                    HEIGHT="150">
            <Shape><Polygon POINTS="2520 733 2509 646 3469 629 3486 716 3480 762 2520 779"/></Shape>
	    <String CONTENT="en vous par quoi vous soi"
                    HPOS="2509"
                    VPOS="629"
                    WIDTH="977"
                    HEIGHT="150"></String>
          </TextLine>

          
          
          <TextLine ID="eSc_line_be374d6c"
                    TAGREFS="LT1087"
                    BASELINE="2526 837 3509 837" 
                    HPOS="2515"
                    VPOS="733"
                    WIDTH="988"
                    HEIGHT="139">
            <Shape><Polygon POINTS="2520 831 2520 733 3503 733 3503 831 3497 872 2515 860"/></Shape>
	    <String CONTENT="ez arriere en frise. sanz le se"
                    HPOS="2515"
                    VPOS="733"
                    WIDTH="988"
                    HEIGHT="139"></String>
          </TextLine>

          
          
          <TextLine ID="eSc_line_24b0cf2f"
                    TAGREFS="LT1087"
                    BASELINE="2532 935 3515 924" 
                    HPOS="2520"
                    VPOS="826"
                    WIDTH="989"
                    HEIGHT="144">
            <Shape><Polygon POINTS="2526 930 2520 826 3497 831 3509 918 3503 970 2526 970"/></Shape>
	    <String CONTENT="u de celui ⁊ de ceulz qui vous"
                    HPOS="2520"
                    VPOS="826"
                    WIDTH="989"
                    HEIGHT="144"></String>
          </TextLine>

          
          
          <TextLine ID="eSc_line_ca3aefd9"
                    TAGREFS="LT1087"
                    BASELINE="2532 1028 3492 1028" 
                    HPOS="2520"
                    VPOS="924"
                    WIDTH="966"
                    HEIGHT="138">
            <Shape><Polygon POINTS="2526 1022 2526 924 3486 930 3486 1022 3480 1062 2520 1051"/></Shape>
	    <String CONTENT="ont mis en tel point. Et ie"
                    HPOS="2520"
                    VPOS="924"
                    WIDTH="966"
                    HEIGHT="138"></String>
          </TextLine>

          
          
          <TextLine ID="eSc_line_5b4aa14b"
                    TAGREFS="LT1087"
                    BASELINE="2538 1126 3515 1126" 
                    HPOS="2526"
                    VPOS="1010"
                    WIDTH="983"
                    HEIGHT="162">
            <Shape><Polygon POINTS="2532 1120 2532 1010 3509 1028 3509 1120 3503 1172 2526 1166"/></Shape>
	    <String CONTENT="sai bien que ele en fera son"
                    HPOS="2526"
                    VPOS="1010"
                    WIDTH="983"
                    HEIGHT="162"></String>
          </TextLine>

          
          
          <TextLine ID="eSc_line_e1754306"
                    TAGREFS="LT1087"
                    BASELINE="2538 1236 3497 1224" 
                    HPOS="2520"
                    VPOS="1120"
                    WIDTH="972"
                    HEIGHT="145">
            <Shape><Polygon POINTS="2532 1230 2520 1120 3480 1126 3492 1218 3492 1247 2532 1265"/></Shape>
	    <String CONTENT="pooir. Et puis que ele sen"
                    HPOS="2520"
                    VPOS="1120"
                    WIDTH="972"
                    HEIGHT="145"></String>
          </TextLine>

          
          
          <TextLine ID="eSc_line_1c4c1460"
                    TAGREFS="LT1087"
                    BASELINE="2538 1340 3521 1340" 
                    HPOS="2526"
                    VPOS="1230"
                    WIDTH="989"
                    HEIGHT="162">
            <Shape><Polygon POINTS="2532 1334 2532 1230 3515 1241 3515 1334 3509 1392 2526 1374"/></Shape>
	    <String CONTENT="meslera dont sai ie bien q̃"
                    HPOS="2526"
                    VPOS="1230"
                    WIDTH="989"
                    HEIGHT="162"></String>
          </TextLine>

          
          
          <TextLine ID="eSc_line_31724985"
                    TAGREFS="LT1087"
                    BASELINE="2538 1444 3526 1444" 
                    HPOS="2526"
                    VPOS="1351"
                    WIDTH="995"
                    HEIGHT="139">
            <Shape><Polygon POINTS="2532 1438 2532 1351 3521 1351 3521 1438 3515 1490 2526 1478"/></Shape>
	    <String CONTENT="la besoigne sera bien faite."
                    HPOS="2526"
                    VPOS="1351"
                    WIDTH="995"
                    HEIGHT="139"></String>
          </TextLine>

          
          
          <TextLine ID="eSc_line_9cfaeef7"
                    TAGREFS="LT1087"
                    BASELINE="2532 1548 3544 1548" 
                    HPOS="2520"
                    VPOS="1449"
                    WIDTH="1018"
                    HEIGHT="151">
            <Shape><Polygon POINTS="2526 1542 2526 1449 3538 1455 3538 1542 3532 1600 2520 1582"/></Shape>
	    <String CONTENT="Sire dient il pour dieu pen"
                    HPOS="2520"
                    VPOS="1449"
                    WIDTH="1018"
                    HEIGHT="151"></String>
          </TextLine>

          
          
          <TextLine ID="eSc_line_2a776be4"
                    TAGREFS="LT1087"
                    BASELINE="2538 1657 2873 1646" 
                    HPOS="2520"
                    VPOS="1542"
                    WIDTH="347"
                    HEIGHT="150">
            <Shape><Polygon POINTS="2532 1652 2520 1542 2856 1559 2867 1640 2861 1669 2532 1692"/></Shape>
	    <String CONTENT="sez ent."
                    HPOS="2520"
                    VPOS="1542"
                    WIDTH="347"
                    HEIGHT="150"></String>
          </TextLine>

          
          
          <TextLine ID="eSc_line_a5d4bc1c"
                    TAGREFS="LT1088"
                    BASELINE="2568 1835 2775 1841" 
                    HPOS="2555"
                    VPOS="1536"
                    WIDTH="220"
                    HEIGHT="485">
            <Shape><Polygon POINTS="2567 1831 2572 1536 2775 1542 2769 1836 2757 2021 2555 2016"/></Shape>
	    <String CONTENT="D"
                    HPOS="2555"
                    VPOS="1536"
                    WIDTH="220"
                    HEIGHT="485"></String>
          </TextLine>

          
          
          <TextLine ID="eSc_line_2d396879"
                    TAGREFS="LT1087"
                    BASELINE="2781 1767 3538 1756" 
                    HPOS="2763"
                    VPOS="1657"
                    WIDTH="769"
                    HEIGHT="133">
            <Shape><Polygon POINTS="2775 1761 2763 1657 3521 1663 3532 1750 3532 1779 2775 1790"/></Shape>
	    <String CONTENT="Ont a maintenant"
                    HPOS="2763"
                    VPOS="1657"
                    WIDTH="769"
                    HEIGHT="133"></String>
          </TextLine>

          
          
          <TextLine ID="eSc_line_7d4b6d80"
                    TAGREFS="LT1087"
                    BASELINE="2814 1838 3534 1838" 
                    HPOS="2804"
                    VPOS="1761"
                    WIDTH="728"
                    HEIGHT="162">
            <Shape><Polygon POINTS="2809 1836 2804 1767 3526 1761 3532 1836 3532 1923 2809 1923"/></Shape>
	    <String CONTENT="li preudons apele sõ"
                    HPOS="2804"
                    VPOS="1761"
                    WIDTH="728"
                    HEIGHT="162"></String>
          </TextLine>

          
          
          <TextLine ID="eSc_line_2caebf95"
                    TAGREFS="LT1087"
                    BASELINE="2549 1975 3544 1964" 
                    HPOS="2532"
                    VPOS="1871"
                    WIDTH="1006"
                    HEIGHT="150">
            <Shape><Polygon POINTS="2543 1969 2532 1871 3526 1871 3538 1958 3538 2004 2543 2021"/></Shape>
	    <String CONTENT="desciple et li dist quil alast"
                    HPOS="2532"
                    VPOS="1871"
                    WIDTH="1006"
                    HEIGHT="150"></String>
          </TextLine>

          
          
          <TextLine ID="eSc_line_c191d4a9"
                    TAGREFS="LT1087"
                    BASELINE="2561 2073 3515 2062" 
                    HPOS="2538"
                    VPOS="1969"
                    WIDTH="971"
                    HEIGHT="162">
            <Shape><Polygon POINTS="2555 2068 2538 1981 3492 1969 3509 2056 3503 2108 2555 2131"/></Shape>
	    <String CONTENT="a gonfort. et parlast a la"
                    HPOS="2538"
                    VPOS="1969"
                    WIDTH="971"
                    HEIGHT="162"></String>
          </TextLine>

          
          
          <TextLine ID="eSc_line_5e141514"
                    TAGREFS="LT1087"
                    BASELINE="2549 2177 3538 2177" 
                    HPOS="2538"
                    VPOS="2091"
                    WIDTH="994"
                    HEIGHT="138">
            <Shape><Polygon POINTS="2543 2172 2543 2091 3532 2091 3532 2172 3526 2229 2538 2218"/></Shape>
	    <String CONTENT="pucele qui auoit non Me"
                    HPOS="2538"
                    VPOS="2091"
                    WIDTH="994"
                    HEIGHT="138"></String>
          </TextLine>

          
          
          <TextLine ID="eSc_line_9126ad5a"
                    TAGREFS="LT1087"
                    BASELINE="2549 2281 3509 2264" 
                    HPOS="2526"
                    VPOS="2166"
                    WIDTH="977"
                    HEIGHT="144">
            <Shape><Polygon POINTS="2543 2276 2526 2177 3486 2166 3503 2258 3503 2299 2543 2310"/></Shape>
	    <String CONTENT="lode. Et li deist de par lui"
                    HPOS="2526"
                    VPOS="2166"
                    WIDTH="977"
                    HEIGHT="144"></String>
          </TextLine>

          
          
          <TextLine ID="eSc_line_aff39f59"
                    TAGREFS="LT1087"
                    BASELINE="2555 2385 3567 2374" 
                    HPOS="2538"
                    VPOS="2276"
                    WIDTH="1023"
                    HEIGHT="144">
            <Shape><Polygon POINTS="2549 2379 2538 2276 3550 2276 3561 2368 3555 2420 2543 2408"/></Shape>
	    <String CONTENT="que .ii. cheualiers li estoiẽt"
                    HPOS="2538"
                    VPOS="2276"
                    WIDTH="1023"
                    HEIGHT="144"></String>
          </TextLine>

          
          
          <TextLine ID="eSc_line_a7e63cba"
                    TAGREFS="LT1087"
                    BASELINE="2561 2483 3521 2483" 
                    HPOS="2555"
                    VPOS="2385"
                    WIDTH="960"
                    HEIGHT="127">
            <Shape><Polygon POINTS="2555 2478 2555 2385 3515 2385 3515 2478 3515 2512 2555 2512"/></Shape>
	    <String CONTENT="venu aussi ꝯme dauentu"
                    HPOS="2555"
                    VPOS="2385"
                    WIDTH="960"
                    HEIGHT="127"></String>
          </TextLine>

          
          
          <TextLine ID="eSc_line_694c95b2"
                    TAGREFS="LT1087"
                    BASELINE="2561 2576 3555 2576" 
                    HPOS="2555"
                    VPOS="2466"
                    WIDTH="995"
                    HEIGHT="156">
            <Shape><Polygon POINTS="2555 2570 2555 2466 3550 2466 3550 2570 3550 2616 2555 2622"/></Shape>
	    <String CONTENT="re. Li quel estoient a si gnͣt"
                    HPOS="2555"
                    VPOS="2466"
                    WIDTH="995"
                    HEIGHT="156"></String>
          </TextLine>

          
          
          <TextLine ID="eSc_line_7c669a6b"
                    TAGREFS="LT1087"
                    BASELINE="2555 2686 3526 2686" 
                    HPOS="2549"
                    VPOS="2576"
                    WIDTH="972"
                    HEIGHT="156">
            <Shape><Polygon POINTS="2549 2680 2549 2576 3521 2582 3521 2680 3521 2732 2549 2732"/></Shape>
	    <String CONTENT="meschief que plus ne pooi"
                    HPOS="2549"
                    VPOS="2576"
                    WIDTH="972"
                    HEIGHT="156"></String>
          </TextLine>

          
          
          <TextLine ID="eSc_line_ba39759d"
                    TAGREFS="LT1087"
                    BASELINE="2555 2795 3573 2795" 
                    HPOS="2543"
                    VPOS="2686"
                    WIDTH="1024"
                    HEIGHT="150">
            <Shape><Polygon POINTS="2549 2790 2549 2686 3567 2697 3567 2790 3561 2836 2543 2830"/></Shape>
	    <String CONTENT="ent estre. Si quele meist"
                    HPOS="2543"
                    VPOS="2686"
                    WIDTH="1024"
                    HEIGHT="150"></String>
          </TextLine>

          
          
          <TextLine ID="eSc_line_29b3135b"
                    TAGREFS="LT1087"
                    BASELINE="2561 2899 3532 2888" 
                    HPOS="2538"
                    VPOS="2795"
                    WIDTH="988"
                    HEIGHT="139">
            <Shape><Polygon POINTS="2555 2894 2538 2807 3509 2795 3526 2882 3521 2922 2555 2934"/></Shape>
	    <String CONTENT="conseil quil peussent sau"
                    HPOS="2538"
                    VPOS="2795"
                    WIDTH="988"
                    HEIGHT="139"></String>
          </TextLine>

          
          
          <TextLine ID="eSc_line_227e7591"
                    TAGREFS="LT1087"
                    BASELINE="2561 3003 3578 2992" 
                    HPOS="2543"
                    VPOS="2894"
                    WIDTH="1030"
                    HEIGHT="144">
            <Shape><Polygon POINTS="2555 2998 2543 2894 3561 2899 3573 2986 3567 3038 2549 3032"/></Shape>
	    <String CONTENT="uement aler en frise. dõt"
                    HPOS="2543"
                    VPOS="2894"
                    WIDTH="1030"
                    HEIGHT="144"></String>
          </TextLine>

          
          
          <TextLine ID="eSc_line_68a0071e"
                    TAGREFS="LT1087"
                    BASELINE="2561 3102 3573 3090" 
                    HPOS="2543"
                    VPOS="2992"
                    WIDTH="1024"
                    HEIGHT="156">
            <Shape><Polygon POINTS="2555 3096 2543 2992 3555 3003 3567 3084 3567 3148 2555 3148"/></Shape>
	    <String CONTENT="il estoient. Ha: sire pour"
                    HPOS="2543"
                    VPOS="2992"
                    WIDTH="1024"
                    HEIGHT="156"></String>
          </TextLine>

          
          
          <TextLine ID="eSc_line_14958926"
                    TAGREFS="LT1087"
                    BASELINE="2561 3211 3538 3200" 
                    HPOS="2543"
                    VPOS="3107"
                    WIDTH="989"
                    HEIGHT="133">
            <Shape><Polygon POINTS="2555 3206 2543 3107 3521 3107 3532 3194 3532 3240 2555 3240"/></Shape>
	    <String CONTENT="dieu dist Mirrus merci."
                    HPOS="2543"
                    VPOS="3107"
                    WIDTH="989"
                    HEIGHT="133"></String>
          </TextLine>

          
          
          <TextLine ID="eSc_line_b2ded08c"
                    TAGREFS="LT1087"
                    BASELINE="2549 3310 3532 3310" 
                    HPOS="2543"
                    VPOS="3200"
                    WIDTH="983"
                    HEIGHT="156">
            <Shape><Polygon POINTS="2543 3304 2543 3200 3526 3211 3526 3304 3526 3356 2543 3356"/></Shape>
	    <String CONTENT="Ie vous ai dit que .i. sien"
                    HPOS="2543"
                    VPOS="3200"
                    WIDTH="983"
                    HEIGHT="156"></String>
          </TextLine>

          
          
          <TextLine ID="eSc_line_de5ba682"
                    TAGREFS="LT1087"
                    BASELINE="2561 3408 3578 3408" 
                    HPOS="2549"
                    VPOS="3315"
                    WIDTH="1024"
                    HEIGHT="133">
            <Shape><Polygon POINTS="2555 3402 2555 3315 3573 3315 3573 3402 3567 3448 2549 3442"/></Shape>
	    <String CONTENT="frere fu a la bataille occis."
                    HPOS="2549"
                    VPOS="3315"
                    WIDTH="1024"
                    HEIGHT="133"></String>
          </TextLine>

          
          
          <TextLine ID="eSc_line_e09857bb"
                    TAGREFS="LT1087"
                    BASELINE="2567 3517 3584 3517" 
                    HPOS="2561"
                    VPOS="3425"
                    WIDTH="1017"
                    HEIGHT="139">
            <Shape><Polygon POINTS="2561 3512 2561 3425 3578 3425 3578 3512 3578 3558 2561 3564"/></Shape>
	    <String CONTENT="de lagait qui nous fu fait"
                    HPOS="2561"
                    VPOS="3425"
                    WIDTH="1017"
                    HEIGHT="139"></String>
          </TextLine>

          
          
          <TextLine ID="eSc_line_acef6b28"
                    TAGREFS="LT1087"
                    BASELINE="2567 3610 3532 3627" 
                    HPOS="2549"
                    VPOS="3512"
                    WIDTH="977"
                    HEIGHT="150">
            <Shape><Polygon POINTS="2561 3604 2561 3512 3521 3523 3526 3621 3515 3662 2549 3645"/></Shape>
	    <String CONTENT="au vil pas. Ja si tost nor"
                    HPOS="2549"
                    VPOS="3512"
                    WIDTH="977"
                    HEIGHT="150"></String>
          </TextLine>

          
          
          <TextLine ID="eSc_line_935d1400"
                    TAGREFS="LT1087"
                    BASELINE="2567 3725 3573 3714" 
                    HPOS="2543"
                    VPOS="3621"
                    WIDTH="1024"
                    HEIGHT="139">
            <Shape><Polygon POINTS="2561 3720 2543 3627 3550 3621 3567 3708 3561 3754 2561 3760"/></Shape>
	    <String CONTENT="ra parler de frise. quele"
                    HPOS="2543"
                    VPOS="3621"
                    WIDTH="1024"
                    HEIGHT="139"></String>
          </TextLine>

          
          
          <TextLine ID="eSc_line_f56710f2"
                    TAGREFS="LT1087"
                    BASELINE="2572 3829 3573 3818" 
                    HPOS="2549"
                    VPOS="3714"
                    WIDTH="1018"
                    HEIGHT="150">
            <Shape><Polygon POINTS="2567 3824 2549 3720 3550 3714 3567 3812 3561 3853 2567 3864"/></Shape>
	    <String CONTENT="saura bien que nous sou"
                    HPOS="2549"
                    VPOS="3714"
                    WIDTH="1018"
                    HEIGHT="150"></String>
          </TextLine>

          
          
          <TextLine ID="eSc_line_cce6403e"
                    TAGREFS="LT1087"
                    BASELINE="2572 3933 3573 3922" 
                    HPOS="2549"
                    VPOS="3812"
                    WIDTH="1018"
                    HEIGHT="145">
            <Shape><Polygon POINTS="2567 3928 2549 3824 3550 3812 3567 3916 3567 3951 2567 3957"/></Shape>
	    <String CONTENT="mes cil qui son frere auõ"
                    HPOS="2549"
                    VPOS="3812"
                    WIDTH="1018"
                    HEIGHT="145"></String>
          </TextLine>

          
          
          <TextLine ID="eSc_line_6857cb71"
                    TAGREFS="LT1087"
                    BASELINE="2567 4032 3584 4020" 
                    HPOS="2543"
                    VPOS="3910"
                    WIDTH="1035"
                    HEIGHT="156">
            <Shape><Polygon POINTS="2561 4026 2543 3928 3561 3910 3578 4014 3573 4066 2555 4055"/></Shape>
	    <String CONTENT="occis. Ne vous chaut dist"
                    HPOS="2543"
                    VPOS="3910"
                    WIDTH="1035"
                    HEIGHT="156"></String>
          </TextLine>

          
          
          <TextLine ID="eSc_line_94daf08e"
                    TAGREFS="LT1087"
                    BASELINE="2567 4130 3561 4130" 
                    HPOS="2555"
                    VPOS="4020"
                    WIDTH="1000"
                    HEIGHT="150">
            <Shape><Polygon POINTS="2561 4124 2555 4037 3550 4020 3555 4124 3550 4170 2555 4159"/></Shape>
	    <String CONTENT="li preudom. sil est ainssi q̃"
                    HPOS="2555"
                    VPOS="4020"
                    WIDTH="1000"
                    HEIGHT="150"></String>
          </TextLine>

          
          
          <TextLine ID="eSc_line_d4f1ad15"
                    TAGREFS="LT1087"
                    BASELINE="2567 4234 3567 4234" 
                    HPOS="2555"
                    VPOS="4124"
                    WIDTH="1006"
                    HEIGHT="150">
            <Shape><Polygon POINTS="2561 4228 2561 4124 3561 4124 3561 4228 3555 4274 2555 4268"/></Shape>
	    <String CONTENT="le ne vous veulle aidier"
                    HPOS="2555"
                    VPOS="4124"
                    WIDTH="1006"
                    HEIGHT="150"></String>
          </TextLine>

          
          
          <TextLine ID="eSc_line_07f4c25b"
                    TAGREFS="LT1087"
                    BASELINE="2561 4344 3584 4344" 
                    HPOS="2555"
                    VPOS="4234"
                    WIDTH="1023"
                    HEIGHT="150">
            <Shape><Polygon POINTS="2555 4338 2555 4234 3578 4251 3578 4338 3578 4384 2555 4384"/></Shape>
	    <String CONTENT="ele ne vous greuera mie."
                    HPOS="2555"
                    VPOS="4234"
                    WIDTH="1023"
                    HEIGHT="150"></String>
          </TextLine>

          
          
          <TextLine ID="eSc_line_c5ba60e6"
                    TAGREFS="LT1087"
                    BASELINE="2567 4442 3602 4453" 
                    HPOS="2555"
                    VPOS="4332"
                    WIDTH="1041"
                    HEIGHT="156">
            <Shape><Polygon POINTS="2561 4436 2561 4332 3590 4338 3596 4448 3590 4482 2555 4488"/></Shape>
	    <String CONTENT="Car encore vaudroit ce pis."
                    HPOS="2555"
                    VPOS="4332"
                    WIDTH="1041"
                    HEIGHT="156"></String>
          </TextLine>

          
          
          <TextLine ID="eSc_line_408ea31b"
                    TAGREFS="LT1087"
                    BASELINE="2567 4557 3590 4557" 
                    HPOS="2555"
                    VPOS="4453"
                    WIDTH="1029"
                    HEIGHT="162">
            <Shape><Polygon POINTS="2561 4552 2555 4465 3578 4453 3584 4552 3578 4615 2555 4598"/></Shape>
	    <String CONTENT="Se elle sauoit que vous fus"
                    HPOS="2555"
                    VPOS="4453"
                    WIDTH="1029"
                    HEIGHT="162"></String>
          </TextLine>

          
          
          <TextLine ID="eSc_line_6c603bff"
                    TAGREFS="LT1087"
                    BASELINE="2561 4667 3561 4667" 
                    HPOS="2555"
                    VPOS="4575"
                    WIDTH="1000"
                    HEIGHT="138">
            <Shape><Polygon POINTS="2555 4661 2555 4575 3555 4575 3555 4661 3555 4707 2555 4713"/></Shape>
	    <String CONTENT="siez autres. Et puis quant"
                    HPOS="2555"
                    VPOS="4575"
                    WIDTH="1000"
                    HEIGHT="138"></String>
          </TextLine>

          
          
          <TextLine ID="eSc_line_a0ee6921"
                    TAGREFS="LT1087"
                    BASELINE="2572 4771 3584 4771" 
                    HPOS="2567"
                    VPOS="4667"
                    WIDTH="1011"
                    HEIGHT="144">
            <Shape><Polygon POINTS="2567 4765 2567 4667 3578 4673 3578 4765 3578 4811 2567 4811"/></Shape>
	    <String CONTENT="vous venriez ⁊ ele vous re"
                    HPOS="2567"
                    VPOS="4667"
                    WIDTH="1011"
                    HEIGHT="144"></String>
          </TextLine>

          
          
          <TextLine ID="eSc_line_5b7b3689"
                    TAGREFS="LT1087"
                    BASELINE="2567 4881 3555 4881" 
                    HPOS="2555"
                    VPOS="4777"
                    WIDTH="995"
                    HEIGHT="156">
            <Shape><Polygon POINTS="2561 4875 2561 4777 3550 4783 3550 4875 3544 4933 2555 4921"/></Shape>
	    <String CONTENT="congneust. si en fust esba"
                    HPOS="2555"
                    VPOS="4777"
                    WIDTH="995"
                    HEIGHT="156"></String>
          </TextLine>

          
          
          <TextLine ID="eSc_line_4abb2c12"
                    TAGREFS="LT1087"
                    BASELINE="2567 4991 3544 4979" 
                    HPOS="2549"
                    VPOS="4875"
                    WIDTH="989"
                    HEIGHT="156">
            <Shape><Polygon POINTS="2561 4985 2549 4875 3526 4881 3538 4973 3538 5031 2561 5031"/></Shape>
	    <String CONTENT="hie. ⁊ puis se ele vous vou"
                    HPOS="2549"
                    VPOS="4875"
                    WIDTH="989"
                    HEIGHT="156"></String>
          </TextLine>

          
          
          <TextLine ID="eSc_line_bfd1a339"
                    TAGREFS="LT1087"
                    BASELINE="2567 5100 3555 5089" 
                    HPOS="2549"
                    VPOS="4985"
                    WIDTH="1001"
                    HEIGHT="156">
            <Shape><Polygon POINTS="2561 5095 2549 4985 3538 4991 3550 5083 3550 5141 2561 5141"/></Shape>
	    <String CONTENT="loit mal. si en seriez plus"
                    HPOS="2549"
                    VPOS="4985"
                    WIDTH="1001"
                    HEIGHT="156"></String>
          </TextLine>

          
          
          <TextLine ID="eSc_line_0bf3d113"
                    TAGREFS="LT1087"
                    BASELINE="2572 5204 3544 5204" 
                    HPOS="2567"
                    VPOS="5100"
                    WIDTH="971"
                    HEIGHT="145">
            <Shape><Polygon POINTS="2567 5199 2567 5100 3538 5112 3538 5199 3538 5245 2567 5245"/></Shape>
	    <String CONTENT="entrepris. Sire distrent"
                    HPOS="2567"
                    VPOS="5100"
                    WIDTH="971"
                    HEIGHT="145"></String>
          </TextLine>

          
          
          <TextLine ID="eSc_line_6774dde1"
                    TAGREFS="LT1087"
                    BASELINE="2572 5314 3573 5326" 
                    HPOS="2561"
                    VPOS="5222"
                    WIDTH="1006"
                    HEIGHT="144">
            <Shape><Polygon POINTS="2567 5308 2567 5222 3561 5227 3567 5320 3561 5360 2561 5366"/></Shape>
	    <String CONTENT="cil bien dites. Dont fu cil"
                    HPOS="2561"
                    VPOS="5222"
                    WIDTH="1006"
                    HEIGHT="144"></String>
          </TextLine>

          
          
          <TextLine ID="eSc_line_a979e8e5"
                    TAGREFS="LT1087"
                    BASELINE="2567 5435 3538 5435" 
                    HPOS="2555"
                    VPOS="5343"
                    WIDTH="977"
                    HEIGHT="144">
            <Shape><Polygon POINTS="2561 5430 2561 5343 3532 5343 3532 5430 3526 5487 2555 5464"/></Shape>
	    <String CONTENT="bien escolez. ⁊ se mist a la"
                    HPOS="2555"
                    VPOS="5343"
                    WIDTH="977"
                    HEIGHT="144"></String>
          </TextLine>

          
          
          <TextLine ID="eSc_line_e9db387b"
                    TAGREFS="LT1087"
                    BASELINE="2590 5539 3538 5528" 
                    HPOS="2567"
                    VPOS="5435"
                    WIDTH="965"
                    HEIGHT="133">
            <Shape><Polygon POINTS="2584 5534 2567 5447 3515 5435 3532 5522 3532 5557 2584 5568"/></Shape>
	    <String CONTENT="voie. et ne fina si vint a"
                    HPOS="2567"
                    VPOS="5435"
                    WIDTH="965"
                    HEIGHT="133"></String>
          </TextLine>

          
          
          <TextLine ID="eSc_line_f12f3ba7"
                    TAGREFS="LT1087"
                    BASELINE="2572 5649 3596 5626" 
                    HPOS="2549"
                    VPOS="5516"
                    WIDTH="1041"
                    HEIGHT="451">
            <Shape><Polygon POINTS="2567 5643 2549 5539 3573 5516 3590 5620 3590 5897 3405 5903 3399 5909 3341 5955 3341 5955 3336 5955 3336 5955 3336 5955 3330 5955 3330 5955 3324 5955 3324 5955 3324 5955 3162 5926 3081 5909 2960 5938 2821 5967 2821 5967 2821 5967 2815 5967 2567 5955"/></Shape>
	    <String CONTENT="gonfort. Car il ni ot pas plꝰ"
                    HPOS="2549"
                    VPOS="5516"
                    WIDTH="1041"
                    HEIGHT="451"></String>
          </TextLine>

          
          
          <TextLine ID="eSc_line_1905eb0c"
                    TAGREFS="LT1087"
                    BASELINE="2804 5736 3555 5736" 
                    HPOS="2792"
                    VPOS="5626"
                    WIDTH="758"
                    HEIGHT="341">
            <Shape><Polygon POINTS="2798 5730 2792 5632 3544 5626 3550 5730 3550 5955 3324 5967 3318 5967 3318 5967 3312 5967 3312 5967 3295 5961 3168 5915 3018 5915 2804 5967"/></Shape>
	    <String CONTENT="de .v. lieues petites."
                    HPOS="2792"
                    VPOS="5626"
                    WIDTH="758"
                    HEIGHT="341"></String>
          </TextLine>

          
          
          <TextLine ID="eSc_line_b6472c24"
                    TAGREFS="LT1088"
                    BASELINE="2598 5833 2781 5839" 
                    HPOS="2584"
                    VPOS="5522"
                    WIDTH="191"
                    HEIGHT="468">
            <Shape><Polygon POINTS="2596 5828 2607 5522 2682 5551 2769 5528 2775 5834 2763 5990 2584 5955"/></Shape>
	    <String CONTENT="Q"
                    HPOS="2584"
                    VPOS="5522"
                    WIDTH="191"
                    HEIGHT="468"></String>
          </TextLine>

          
          
          <TextLine ID="eSc_line_ebdfb68c"
                    TAGREFS="LT1087"
                    BASELINE="2827 5857 3555 5834" 
                    HPOS="2804"
                    VPOS="5736"
                    WIDTH="746"
                    HEIGHT="242">
            <Shape><Polygon POINTS="2821 5851 2804 5742 3532 5736 3550 5828 3550 5955 3232 5978 3226 5978 3226 5978 3226 5978 3162 5967 3006 5932 2821 5973"/></Shape>
	    <String CONTENT="vant il fu la venus"
                    HPOS="2804"
                    VPOS="5736"
                    WIDTH="746"
                    HEIGHT="242"></String>
          </TextLine>

          
        </TextBlock>
        
        <TextBlock HPOS="3702"
                   VPOS="615"
                   WIDTH="1065"
                   HEIGHT="5365"
                   ID="eSc_textblock_f987169c"
                   TAGREFS="BT3123">
          <Shape><Polygon POINTS="3702 615 3702 5980 4767 5980 4767 615"/></Shape>
          
          
          <TextLine ID="eSc_line_7a581a11"
                    TAGREFS="LT1087"
                    BASELINE="3694 722 4694 733" 
                    HPOS="3677"
                    VPOS="606"
                    WIDTH="1012"
                    HEIGHT="179">
            <Shape><Polygon POINTS="3688 716 3688 606 4683 612 4689 727 4677 785 3677 750"/></Shape>
	    <String CONTENT="si fu bi congneus de chas"
                    HPOS="3677"
                    VPOS="606"
                    WIDTH="1012"
                    HEIGHT="179"></String>
          </TextLine>

          
          
          <TextLine ID="eSc_line_34e8651e"
                    TAGREFS="LT1087"
                    BASELINE="3694 837 4642 826" 
                    HPOS="3671"
                    VPOS="727"
                    WIDTH="966"
                    HEIGHT="151">
            <Shape><Polygon POINTS="3688 831 3671 739 4619 727 4637 820 4637 860 3688 878"/></Shape>
	    <String CONTENT="cun ꝯme cil qui souuent"
                    HPOS="3671"
                    VPOS="727"
                    WIDTH="966"
                    HEIGHT="151"></String>
          </TextLine>

          
          
          <TextLine ID="eSc_line_06ae1372"
                    TAGREFS="LT1087"
                    BASELINE="3688 935 4642 918" 
                    HPOS="3665"
                    VPOS="820"
                    WIDTH="972"
                    HEIGHT="156">
            <Shape><Polygon POINTS="3683 930 3665 843 4619 820 4637 912 4637 953 3683 976"/></Shape>
	    <String CONTENT="y venoit. Dont fist il tant"
                    HPOS="3665"
                    VPOS="820"
                    WIDTH="972"
                    HEIGHT="156"></String>
          </TextLine>

          
          
          <TextLine ID="eSc_line_9980686b"
                    TAGREFS="LT1087"
                    BASELINE="3700 1022 4671 1022" 
                    HPOS="3688"
                    VPOS="935"
                    WIDTH="977"
                    HEIGHT="127">
            <Shape><Polygon POINTS="3694 1016 3694 935 4665 935 4665 1016 4660 1062 3688 1051"/></Shape>
	    <String CONTENT="que il parla a la pucele et la"
                    HPOS="3688"
                    VPOS="935"
                    WIDTH="977"
                    HEIGHT="127"></String>
          </TextLine>

          
          
          <TextLine ID="eSc_line_e398f717"
                    TAGREFS="LT1087"
                    BASELINE="3700 1114 4654 1114" 
                    HPOS="3694"
                    VPOS="1010"
                    WIDTH="954"
                    HEIGHT="145">
            <Shape><Polygon POINTS="3694 1109 3694 1010 4648 1022 4648 1109 4648 1149 3694 1155"/></Shape>
	    <String CONTENT="salua de par son maistre."
                    HPOS="3694"
                    VPOS="1010"
                    WIDTH="954"
                    HEIGHT="145"></String>
          </TextLine>

          
          
          <TextLine ID="eSc_line_16d41c84"
                    TAGREFS="LT1087"
                    BASELINE="3700 1230 4700 1213" 
                    HPOS="3683"
                    VPOS="1103"
                    WIDTH="1011"
                    HEIGHT="173">
            <Shape><Polygon POINTS="3694 1224 3683 1120 4677 1103 4694 1207 4689 1276 3688 1270"/></Shape>
	    <String CONTENT="Bien ait il dist ele. et ꝯmẽt"
                    HPOS="3683"
                    VPOS="1103"
                    WIDTH="1011"
                    HEIGHT="173"></String>
          </TextLine>

          
          
          <TextLine ID="eSc_line_9d4f94a9"
                    TAGREFS="LT1087"
                    BASELINE="3706 1340 4648 1322" 
                    HPOS="3688"
                    VPOS="1236"
                    WIDTH="954"
                    HEIGHT="138">
            <Shape><Polygon POINTS="3700 1334 3688 1253 4625 1236 4642 1317 4642 1351 3700 1374"/></Shape>
	    <String CONTENT="le fait ydomies mes bons"
                    HPOS="3688"
                    VPOS="1236"
                    WIDTH="954"
                    HEIGHT="138"></String>
          </TextLine>

          
          
          <TextLine ID="eSc_line_05e38359"
                    TAGREFS="LT1087"
                    BASELINE="3700 1444 4642 1432" 
                    HPOS="3683"
                    VPOS="1334"
                    WIDTH="954"
                    HEIGHT="156">
            <Shape><Polygon POINTS="3694 1438 3683 1351 4619 1334 4637 1426 4637 1461 3694 1490"/></Shape>
	    <String CONTENT="amis. Par foi damoisele"
                    HPOS="3683"
                    VPOS="1334"
                    WIDTH="954"
                    HEIGHT="156"></String>
          </TextLine>

          
          
          <TextLine ID="eSc_line_96678ce8"
                    TAGREFS="LT1087"
                    BASELINE="3700 1553 4665 1536" 
                    HPOS="3683"
                    VPOS="1444"
                    WIDTH="977"
                    HEIGHT="138">
            <Shape><Polygon POINTS="3694 1548 3683 1461 4642 1444 4660 1530 4660 1565 3694 1582"/></Shape>
	    <String CONTENT="il est si viex que de riens"
                    HPOS="3683"
                    VPOS="1444"
                    WIDTH="977"
                    HEIGHT="138"></String>
          </TextLine>

          
          
          <TextLine ID="eSc_line_abac88b0"
                    TAGREFS="LT1087"
                    BASELINE="3706 1657 4671 1657" 
                    HPOS="3694"
                    VPOS="1548"
                    WIDTH="971"
                    HEIGHT="144">
            <Shape><Polygon POINTS="3700 1652 3694 1559 4660 1548 4665 1652 4665 1692 3700 1692"/></Shape>
	    <String CONTENT="ne se puet mes aidier. Si"
                    HPOS="3694"
                    VPOS="1548"
                    WIDTH="971"
                    HEIGHT="144"></String>
          </TextLine>

          
          
          <TextLine ID="eSc_line_11131bd5"
                    TAGREFS="LT1087"
                    BASELINE="3706 1761 4700 1750" 
                    HPOS="3688"
                    VPOS="1652"
                    WIDTH="1006"
                    HEIGHT="156">
            <Shape><Polygon POINTS="3700 1756 3688 1669 4677 1652 4694 1744 4689 1808 3700 1808"/></Shape>
	    <String CONTENT="menuoie a vous pour vne"
                    HPOS="3688"
                    VPOS="1652"
                    WIDTH="1006"
                    HEIGHT="156"></String>
          </TextLine>

          
          
          <TextLine ID="eSc_line_1ed771a1"
                    TAGREFS="LT1087"
                    BASELINE="3706 1865 4694 1865" 
                    HPOS="3700"
                    VPOS="1761"
                    WIDTH="989"
                    HEIGHT="139">
            <Shape><Polygon POINTS="3700 1860 3700 1761 4689 1767 4689 1860 4689 1894 3700 1900"/></Shape>
	    <String CONTENT="besoigne dont il a en vous"
                    HPOS="3700"
                    VPOS="1761"
                    WIDTH="989"
                    HEIGHT="139"></String>
          </TextLine>

          
          
          <TextLine ID="eSc_line_7b24dcb7"
                    TAGREFS="LT1087"
                    BASELINE="3717 1969 4665 1969" 
                    HPOS="3711"
                    VPOS="1865"
                    WIDTH="949"
                    HEIGHT="151">
            <Shape><Polygon POINTS="3711 1964 3711 1865 4660 1877 4660 1964 4660 1998 3711 2016"/></Shape>
	    <String CONTENT="mlt&#39; gnͣt fiance. Car .ii."
                    HPOS="3711"
                    VPOS="1865"
                    WIDTH="949"
                    HEIGHT="151"></String>
          </TextLine>

          
          
          <TextLine ID="eSc_line_2afbd477"
                    TAGREFS="LT1087"
                    BASELINE="3723 2068 4712 2056" 
                    HPOS="3700"
                    VPOS="1952"
                    WIDTH="1006"
                    HEIGHT="139">
            <Shape><Polygon POINTS="3717 2062 3700 1987 4689 1952 4706 2050 4706 2085 3717 2091"/></Shape>
	    <String CONTENT="de ses bons amis le vindrẽt"
                    HPOS="3700"
                    VPOS="1952"
                    WIDTH="1006"
                    HEIGHT="139"></String>
          </TextLine>

          
          
          <TextLine ID="eSc_line_4f903982"
                    TAGREFS="LT1087"
                    BASELINE="3711 2172 4706 2172" 
                    HPOS="3706"
                    VPOS="2073"
                    WIDTH="994"
                    HEIGHT="139">
            <Shape><Polygon POINTS="3706 2166 3706 2073 4700 2073 4700 2166 4700 2200 3706 2212"/></Shape>
	    <String CONTENT="ceste semaine veoir a mlt&#39;"
                    HPOS="3706"
                    VPOS="2073"
                    WIDTH="994"
                    HEIGHT="139"></String>
          </TextLine>

          
          
          <TextLine ID="eSc_line_a870a133"
                    TAGREFS="LT1087"
                    BASELINE="3717 2276 4712 2276" 
                    HPOS="3711"
                    VPOS="2172"
                    WIDTH="995"
                    HEIGHT="144">
            <Shape><Polygon POINTS="3711 2270 3711 2172 4706 2177 4706 2270 4706 2304 3711 2316"/></Shape>
	    <String CONTENT="gnͣt doutance. et tout au"
                    HPOS="3711"
                    VPOS="2172"
                    WIDTH="995"
                    HEIGHT="144"></String>
          </TextLine>

          
          
          <TextLine ID="eSc_line_62adfec4"
                    TAGREFS="LT1087"
                    BASELINE="3717 2379 4735 2379" 
                    HPOS="3706"
                    VPOS="2281"
                    WIDTH="1023"
                    HEIGHT="145">
            <Shape><Polygon POINTS="3711 2374 3711 2281 4729 2281 4729 2374 4723 2426 3706 2408"/></Shape>
	    <String CONTENT="si sont il en gnͣt doute dau"
                    HPOS="3706"
                    VPOS="2281"
                    WIDTH="1023"
                    HEIGHT="145"></String>
          </TextLine>

          
          
          <TextLine ID="eSc_line_8d6d38a5"
                    TAGREFS="LT1087"
                    BASELINE="3717 2478 4648 2478" 
                    HPOS="3711"
                    VPOS="2391"
                    WIDTH="931"
                    HEIGHT="127">
            <Shape><Polygon POINTS="3711 2472 3711 2391 4642 2391 4642 2472 4642 2512 3711 2518"/></Shape>
	    <String CONTENT="cuns maufeteurs dont"
                    HPOS="3711"
                    VPOS="2391"
                    WIDTH="931"
                    HEIGHT="127"></String>
          </TextLine>

          
          
          <TextLine ID="eSc_line_8ebc0cb8"
                    TAGREFS="LT1087"
                    BASELINE="3723 2582 4700 2570" 
                    HPOS="3700"
                    VPOS="2460"
                    WIDTH="994"
                    HEIGHT="162">
            <Shape><Polygon POINTS="3717 2576 3700 2483 4677 2460 4694 2564 4694 2605 3717 2622"/></Shape>
	    <String CONTENT="il sont aguetiez. Si nosẽt"
                    HPOS="3700"
                    VPOS="2460"
                    WIDTH="994"
                    HEIGHT="162"></String>
          </TextLine>

          
          
          <TextLine ID="eSc_line_c9a4f8bd"
                    TAGREFS="LT1087"
                    BASELINE="3723 2686 4700 2686" 
                    HPOS="3717"
                    VPOS="2593"
                    WIDTH="977"
                    HEIGHT="133">
            <Shape><Polygon POINTS="3717 2680 3717 2593 4694 2593 4694 2680 4694 2726 3717 2726"/></Shape>
	    <String CONTENT="mie apertemẽt aler que il"
                    HPOS="3717"
                    VPOS="2593"
                    WIDTH="977"
                    HEIGHT="133"></String>
          </TextLine>

          
          
          <TextLine ID="eSc_line_7f11836c"
                    TAGREFS="LT1087"
                    BASELINE="3729 2778 4723 2790" 
                    HPOS="3711"
                    VPOS="2686"
                    WIDTH="1006"
                    HEIGHT="133">
            <Shape><Polygon POINTS="3723 2772 3723 2686 4712 2691 4717 2784 4706 2819 3711 2813"/></Shape>
	    <String CONTENT="ne soient cougneus. Et dõt"
                    HPOS="3711"
                    VPOS="2686"
                    WIDTH="1006"
                    HEIGHT="133"></String>
          </TextLine>

          
          
          <TextLine ID="eSc_line_d99f0ef6"
                    TAGREFS="LT1087"
                    BASELINE="3723 2899 4694 2882" 
                    HPOS="3706"
                    VPOS="2790"
                    WIDTH="983"
                    HEIGHT="156">
            <Shape><Polygon POINTS="3717 2894 3706 2790 4677 2790 4689 2876 4683 2911 3717 2946"/></Shape>
	    <String CONTENT="sont il dist la damoisele:"
                    HPOS="3706"
                    VPOS="2790"
                    WIDTH="983"
                    HEIGHT="156"></String>
          </TextLine>

          
          
          <TextLine ID="eSc_line_6e77ddd9"
                    TAGREFS="LT1087"
                    BASELINE="3729 3003 4689 3003" 
                    HPOS="3717"
                    VPOS="2882"
                    WIDTH="966"
                    HEIGHT="162">
            <Shape><Polygon POINTS="3723 2998 3717 2905 4677 2882 4683 2998 4683 3032 3723 3044"/></Shape>
	    <String CONTENT="Il sont dist il de frise. Et q̃l"
                    HPOS="3717"
                    VPOS="2882"
                    WIDTH="966"
                    HEIGHT="162"></String>
          </TextLine>

          
          
          <TextLine ID="eSc_line_f70991ea"
                    TAGREFS="LT1087"
                    BASELINE="3723 3107 4723 3090" 
                    HPOS="3700"
                    VPOS="2992"
                    WIDTH="1017"
                    HEIGHT="144">
            <Shape><Polygon POINTS="3717 3102 3700 3015 4700 2992 4717 3084 4717 3130 3717 3136"/></Shape>
	    <String CONTENT="gent sont il dist ele. Et qnͣs"
                    HPOS="3700"
                    VPOS="2992"
                    WIDTH="1017"
                    HEIGHT="144"></String>
          </TextLine>

          
          
          <TextLine ID="eSc_line_c31eb47a"
                    TAGREFS="LT1087"
                    BASELINE="3723 3194 4700 3206" 
                    HPOS="3706"
                    VPOS="3084"
                    WIDTH="988"
                    HEIGHT="145">
            <Shape><Polygon POINTS="3717 3188 3717 3084 4689 3107 4694 3200 4683 3229 3706 3217"/></Shape>
	    <String CONTENT="sont il dist ele. Damoisele"
                    HPOS="3706"
                    VPOS="3084"
                    WIDTH="988"
                    HEIGHT="145"></String>
          </TextLine>

          
          
          <TextLine ID="eSc_line_e8a00105"
                    TAGREFS="LT1087"
                    BASELINE="3723 3304 4365 3292" 
                    HPOS="3700"
                    VPOS="3206"
                    WIDTH="659"
                    HEIGHT="138">
            <Shape><Polygon POINTS="3717 3298 3700 3217 4342 3206 4359 3286 4347 3344 3711 3333"/></Shape>
	    <String CONTENT="il sont .ii. dist il."
                    HPOS="3700"
                    VPOS="3206"
                    WIDTH="659"
                    HEIGHT="138"></String>
          </TextLine>

          
          
          <TextLine ID="eSc_line_556a1862"
                    TAGREFS="LT1087"
                    BASELINE="3943 3408 4712 3396" 
                    HPOS="3920"
                    VPOS="3286"
                    WIDTH="786"
                    HEIGHT="185">
            <Shape><Polygon POINTS="3937 3402 3920 3298 4689 3286 4706 3390 4694 3442 4024 3442 3943 3471"/></Shape>
	    <String CONTENT="Vant la damoisele oy"
                    HPOS="3920"
                    VPOS="3286"
                    WIDTH="786"
                    HEIGHT="185"></String>
          </TextLine>

          
          
          <TextLine ID="eSc_line_f97e7da5"
                    TAGREFS="LT1088"
                    BASELINE="3773 3496 3931 3496" 
                    HPOS="3769"
                    VPOS="3200"
                    WIDTH="156"
                    HEIGHT="462">
            <Shape><Polygon POINTS="3769 3494 3769 3200 3925 3206 3925 3494 3925 3656 3769 3662"/></Shape>
	    <String CONTENT="Q"
                    HPOS="3769"
                    VPOS="3200"
                    WIDTH="156"
                    HEIGHT="462"></String>
          </TextLine>

          
          
          <TextLine ID="eSc_line_99ee875f"
                    TAGREFS="LT1087"
                    BASELINE="3997 3485 4658 3495" 
                    HPOS="3983"
                    VPOS="3402"
                    WIDTH="671"
                    HEIGHT="214">
            <Shape><Polygon POINTS="3995 3483 3989 3408 4648 3402 4654 3494 4642 3558 4232 3552 4145 3598 4122 3616 4116 3616 4116 3616 4110 3616 4110 3616 4110 3616 4105 3616 3983 3610"/></Shape>
	    <String CONTENT="celui en tele manie"
                    HPOS="3983"
                    VPOS="3402"
                    WIDTH="671"
                    HEIGHT="214"></String>
          </TextLine>

          
          
          <TextLine ID="eSc_line_40e46d9a"
                    TAGREFS="LT1087"
                    BASELINE="3729 3616 4654 3627" 
                    HPOS="3717"
                    VPOS="3500"
                    WIDTH="931"
                    HEIGHT="162">
            <Shape><Polygon POINTS="3723 3610 3723 3500 4642 3512 4648 3621 4642 3656 3717 3662"/></Shape>
	    <String CONTENT="re parler. Si pensa aus"
                    HPOS="3717"
                    VPOS="3500"
                    WIDTH="931"
                    HEIGHT="162"></String>
          </TextLine>

          
          
          <TextLine ID="eSc_line_3d5936fe"
                    TAGREFS="LT1087"
                    BASELINE="3735 3731 4689 3714" 
                    HPOS="3711"
                    VPOS="3610"
                    WIDTH="972"
                    HEIGHT="162">
            <Shape><Polygon POINTS="3729 3725 3711 3645 4665 3610 4683 3708 4677 3772 3723 3766"/></Shape>
	    <String CONTENT="messages qui par lui vind"
                    HPOS="3711"
                    VPOS="3610"
                    WIDTH="972"
                    HEIGHT="162"></String>
          </TextLine>

          
          
          <TextLine ID="eSc_line_b459f084"
                    TAGREFS="LT1087"
                    BASELINE="3740 3835 4683 3835" 
                    HPOS="3729"
                    VPOS="3737"
                    WIDTH="948"
                    HEIGHT="139">
            <Shape><Polygon POINTS="3735 3829 3735 3737 4677 3737 4677 3829 4671 3876 3729 3864"/></Shape>
	    <String CONTENT="drent qui bien estoient .x."
                    HPOS="3729"
                    VPOS="3737"
                    WIDTH="948"
                    HEIGHT="139"></String>
          </TextLine>

          
          
          <TextLine ID="eSc_line_516bb157"
                    TAGREFS="LT1087"
                    BASELINE="3740 3933 4689 3922" 
                    HPOS="3723"
                    VPOS="3824"
                    WIDTH="960"
                    HEIGHT="138">
            <Shape><Polygon POINTS="3735 3928 3723 3824 4671 3829 4683 3916 4677 3951 3735 3962"/></Shape>
	    <String CONTENT="ou plus. Si fu aussi ꝯme"
                    HPOS="3723"
                    VPOS="3824"
                    WIDTH="960"
                    HEIGHT="138"></String>
          </TextLine>

          
          
          <TextLine ID="eSc_line_0cb74eea"
                    TAGREFS="LT1087"
                    BASELINE="3740 4026 4735 4014" 
                    HPOS="3717"
                    VPOS="3905"
                    WIDTH="1012"
                    HEIGHT="167">
            <Shape><Polygon POINTS="3735 4020 3717 3933 4712 3905 4729 4009 4729 4060 3735 4072"/></Shape>
	    <String CONTENT="toute seure que ce nestoiẽt"
                    HPOS="3717"
                    VPOS="3905"
                    WIDTH="1012"
                    HEIGHT="167"></String>
          </TextLine>

          
          
          <TextLine ID="eSc_line_47fd486e"
                    TAGREFS="LT1087"
                    BASELINE="3740 4124 4706 4124" 
                    HPOS="3729"
                    VPOS="4026"
                    WIDTH="971"
                    HEIGHT="144">
            <Shape><Polygon POINTS="3735 4118 3729 4032 4694 4026 4700 4118 4694 4170 3729 4153"/></Shape>
	    <String CONTENT="nulz de ceulz. Et nõpour"
                    HPOS="3729"
                    VPOS="4026"
                    WIDTH="971"
                    HEIGHT="144"></String>
          </TextLine>

          
          
          <TextLine ID="eSc_line_5ccdafb3"
                    TAGREFS="LT1087"
                    BASELINE="3740 4234 4735 4222" 
                    HPOS="3723"
                    VPOS="4124"
                    WIDTH="1006"
                    HEIGHT="144">
            <Shape><Polygon POINTS="3735 4228 3723 4124 4717 4124 4729 4216 4723 4257 3735 4268"/></Shape>
	    <String CONTENT="qnͣt les atendoit ele de iour"
                    HPOS="3723"
                    VPOS="4124"
                    WIDTH="1006"
                    HEIGHT="144"></String>
          </TextLine>

          
          
          <TextLine ID="eSc_line_b8a7aee7"
                    TAGREFS="LT1087"
                    BASELINE="3740 4344 4706 4344" 
                    HPOS="3735"
                    VPOS="4245"
                    WIDTH="965"
                    HEIGHT="151">
            <Shape><Polygon POINTS="3735 4338 3735 4245 4700 4245 4700 4338 4700 4396 3735 4396"/></Shape>
	    <String CONTENT="en iour. Et les fesoit espi"
                    HPOS="3735"
                    VPOS="4245"
                    WIDTH="965"
                    HEIGHT="151"></String>
          </TextLine>

          
          
          <TextLine ID="eSc_line_e3dd8818"
                    TAGREFS="LT1087"
                    BASELINE="3740 4442 4717 4459" 
                    HPOS="3729"
                    VPOS="4326"
                    WIDTH="983"
                    HEIGHT="168">
            <Shape><Polygon POINTS="3735 4436 3735 4326 4712 4361 4712 4453 4706 4488 3729 4494"/></Shape>
	    <String CONTENT="er par les chemĩs. ou il de"
                    HPOS="3729"
                    VPOS="4326"
                    WIDTH="983"
                    HEIGHT="168"></String>
          </TextLine>

          
          
          <TextLine ID="eSc_line_a7ac42c0"
                    TAGREFS="LT1087"
                    BASELINE="3746 4563 4689 4563" 
                    HPOS="3735"
                    VPOS="4459"
                    WIDTH="948"
                    HEIGHT="145">
            <Shape><Polygon POINTS="3740 4557 3735 4471 4677 4459 4683 4557 4683 4604 3740 4604"/></Shape>
	    <String CONTENT="uoient passer. que pour"
                    HPOS="3735"
                    VPOS="4459"
                    WIDTH="948"
                    HEIGHT="145"></String>
          </TextLine>

          
          
          <TextLine ID="eSc_line_ee125ba3"
                    TAGREFS="LT1087"
                    BASELINE="3740 4661 4758 4673" 
                    HPOS="3723"
                    VPOS="4569"
                    WIDTH="1029"
                    HEIGHT="156">
            <Shape><Polygon POINTS="3735 4655 3729 4575 4746 4569 4752 4667 4741 4725 3723 4707"/></Shape>
	    <String CONTENT="ce ne lessassent mie avenir"
                    HPOS="3723"
                    VPOS="4569"
                    WIDTH="1029"
                    HEIGHT="156"></String>
          </TextLine>

          
          
          <TextLine ID="eSc_line_3e1a7b07"
                    TAGREFS="LT1087"
                    BASELINE="3746 4771 4689 4788" 
                    HPOS="3729"
                    VPOS="4667"
                    WIDTH="954"
                    HEIGHT="144">
            <Shape><Polygon POINTS="3740 4765 3740 4667 4677 4690 4683 4783 4671 4811 3729 4800"/></Shape>
	    <String CONTENT="par ileuc pour cause de"
                    HPOS="3729"
                    VPOS="4667"
                    WIDTH="954"
                    HEIGHT="144"></String>
          </TextLine>

          
          
          <TextLine ID="eSc_line_1e7629d3"
                    TAGREFS="LT1087"
                    BASELINE="3746 4875 4671 4887" 
                    HPOS="3729"
                    VPOS="4759"
                    WIDTH="936"
                    HEIGHT="174">
            <Shape><Polygon POINTS="3740 4869 3740 4759 4660 4794 4665 4881 4654 4933 3729 4915"/></Shape>
	    <String CONTENT="son frere se il auoit este"
                    HPOS="3729"
                    VPOS="4759"
                    WIDTH="936"
                    HEIGHT="174"></String>
          </TextLine>

          
          
          <TextLine ID="eSc_line_623fc0c6"
                    TAGREFS="LT1087"
                    BASELINE="3746 4985 4712 4985" 
                    HPOS="3735"
                    VPOS="4892"
                    WIDTH="971"
                    HEIGHT="151">
            <Shape><Polygon POINTS="3740 4979 3740 4892 4706 4892 4706 4979 4700 5043 3735 5019"/></Shape>
	    <String CONTENT="occis en laguet. Car il la"
                    HPOS="3735"
                    VPOS="4892"
                    WIDTH="971"
                    HEIGHT="151"></String>
          </TextLine>

          
          
          <TextLine ID="eSc_line_8c435a7c"
                    TAGREFS="LT1087"
                    BASELINE="3746 5089 4735 5100" 
                    HPOS="3729"
                    VPOS="4979"
                    WIDTH="1000"
                    HEIGHT="173">
            <Shape><Polygon POINTS="3740 5083 3740 4979 4729 4991 4729 5095 4717 5152 3729 5141"/></Shape>
	    <String CONTENT="uoient fet sus leur droit."
                    HPOS="3729"
                    VPOS="4979"
                    WIDTH="1000"
                    HEIGHT="173"></String>
          </TextLine>

          
          
          <TextLine ID="eSc_line_844e3adf"
                    TAGREFS="LT1087"
                    BASELINE="3740 5204 4706 5216" 
                    HPOS="3723"
                    VPOS="5106"
                    WIDTH="977"
                    HEIGHT="133">
            <Shape><Polygon POINTS="3735 5199 3735 5106 4694 5118 4700 5210 4689 5239 3723 5227"/></Shape>
	    <String CONTENT="Amis dist la pucele a celi"
                    HPOS="3723"
                    VPOS="5106"
                    WIDTH="977"
                    HEIGHT="133"></String>
          </TextLine>

          
          
          <TextLine ID="eSc_line_d5d78c16"
                    TAGREFS="LT1087"
                    BASELINE="3746 5326 4729 5326" 
                    HPOS="3735"
                    VPOS="5216"
                    WIDTH="988"
                    HEIGHT="162">
            <Shape><Polygon POINTS="3740 5320 3735 5233 4717 5216 4723 5320 4723 5360 3740 5378"/></Shape>
	    <String CONTENT="Dites a mon bon ami ydoi"
                    HPOS="3735"
                    VPOS="5216"
                    WIDTH="988"
                    HEIGHT="162"></String>
          </TextLine>

          
          
          <TextLine ID="eSc_line_0ed2a60c"
                    TAGREFS="LT1087"
                    BASELINE="3746 5441 4729 5430" 
                    HPOS="3723"
                    VPOS="5337"
                    WIDTH="1000"
                    HEIGHT="156">
            <Shape><Polygon POINTS="3740 5435 3723 5343 4706 5337 4723 5424 4717 5493 3735 5482"/></Shape>
	    <String CONTENT="ne quil men uoit ce quil vo"
                    HPOS="3723"
                    VPOS="5337"
                    WIDTH="1000"
                    HEIGHT="156"></String>
          </TextLine>

          
          
          <TextLine ID="eSc_line_94827ba2"
                    TAGREFS="LT1087"
                    BASELINE="3752 5534 4706 5545" 
                    HPOS="3735"
                    VPOS="5435"
                    WIDTH="965"
                    HEIGHT="151">
            <Shape><Polygon POINTS="3746 5528 3746 5435 4694 5453 4700 5539 4689 5586 3735 5568"/></Shape>
	    <String CONTENT="udra. et ie ferai pour eulz"
                    HPOS="3735"
                    VPOS="5435"
                    WIDTH="965"
                    HEIGHT="151"></String>
          </TextLine>

          
          
          <TextLine ID="eSc_line_bad85d76"
                    TAGREFS="LT1087"
                    BASELINE="3758 5638 4712 5638" 
                    HPOS="3752"
                    VPOS="5551"
                    WIDTH="954"
                    HEIGHT="127">
            <Shape><Polygon POINTS="3752 5632 3752 5551 4706 5551 4706 5632 4706 5672 3752 5678"/></Shape>
	    <String CONTENT="bõnement leur requeste."
                    HPOS="3752"
                    VPOS="5551"
                    WIDTH="954"
                    HEIGHT="127"></String>
          </TextLine>

          
          
          <TextLine ID="eSc_line_f120907d"
                    TAGREFS="LT1087"
                    BASELINE="3752 5742 4717 5730" 
                    HPOS="3729"
                    VPOS="5620"
                    WIDTH="983"
                    HEIGHT="156">
            <Shape><Polygon POINTS="3746 5736 3729 5643 4694 5620 4712 5724 4700 5776 3740 5770"/></Shape>
	    <String CONTENT="Dont dist cilz. dont les atẽ"
                    HPOS="3729"
                    VPOS="5620"
                    WIDTH="983"
                    HEIGHT="156"></String>
          </TextLine>

          
          
          <TextLine ID="eSc_line_48e03e39"
                    TAGREFS="LT1087"
                    BASELINE="3752 5851 4717 5851" 
                    HPOS="3740"
                    VPOS="5736"
                    WIDTH="972"
                    HEIGHT="196">
            <Shape><Polygon POINTS="3746 5845 3740 5742 4706 5736 4712 5845 4712 5926 3746 5932"/></Shape>
	    <String CONTENT="dez a demain bien tart. et"
                    HPOS="3740"
                    VPOS="5736"
                    WIDTH="972"
                    HEIGHT="196"></String>
          </TextLine>

          
        </TextBlock>
        
        <TextBlock HPOS="1223"
                   VPOS="1737"
                   WIDTH="347"
                   HEIGHT="286"
                   ID="eSc_textblock_36b5b673"
                   TAGREFS="BT3119">
          <Shape><Polygon POINTS="1223 1774 1254 2023 1387 2023 1570 2023 1570 1737"/></Shape>
          
        </TextBlock>
        
        <TextBlock HPOS="2489"
                   VPOS="1640"
                   WIDTH="304"
                   HEIGHT="322"
                   ID="eSc_textblock_69bf7b14"
                   TAGREFS="BT3119">
          <Shape><Polygon POINTS="2489 1640 2489 1962 2793 1962 2793 1640"/></Shape>
          
        </TextBlock>
        
        <TextBlock HPOS="3676"
                   VPOS="3289"
                   WIDTH="334"
                   HEIGHT="329"
                   ID="eSc_textblock_42a7fc11"
                   TAGREFS="BT3119">
          <Shape><Polygon POINTS="3676 3289 3676 3618 4004 3611 4010 3289"/></Shape>
          
        </TextBlock>
        
        <TextBlock HPOS="2495"
                   VPOS="5638"
                   WIDTH="365"
                   HEIGHT="359"
                   ID="eSc_textblock_4f28b25d"
                   TAGREFS="BT3119">
          <Shape><Polygon POINTS="2495 5638 2495 5997 2860 5997 2860 5638"/></Shape>
          
        </TextBlock>
        

        
      </PrintSpace>
    </Page>
  </Layout>
</alto>
