5273 6932
670 444 989 243 grant occision qui onques

682 629 954 145 fust dite ennule ystoire.

670 722 983 156 qui face acroire. Car tant

664 826 983 150 aigrement se penoit lune

670 918 989 156 partie 7 lautre de leur ane

670 1016 995 162 mis seurmonter. que cene

664 1132 966 150 seroit se merueille non du

682 1253 971 144 dire. Pelyarmenus qui la

670 1340 972 156 terre 7 le pays uouloit du

664 1449 954 156 tout metre asa uolente.

664 1530 1012 185 sen aloit par labataille les

664 1663 954 156 renz cerchant en tele ma

659 1761 1023 151 niere que tout occioit tout

659 1860 1011 156 detrenchoit 7 tout abatoit

647 1964 1012 150 Si que nulz nosoit ses cops

653 2068 971 150 atendre. Ainz donnoit a

653 2148 965 179 sa gent signͣt aide 7 signͣt

647 2258 966 168 cuer. que mar fust de ce

647 2374 1029 156 lui qui le ueist acui sa force

647 2472 942 162 ⁊ son hardement ne soit

647 2576 1006 173 doublez. Myrrus qui plus

641 2680 966 162 auoit fait darmes que

647 2790 1000 144 nul cheualier qui en tout

647 2888 983 150 le iour eust armes portees

653 2986 989 168 estoit tiex menez que si cop

670 3096 943 150 aloient ia aussi ꝯme reu

647 3200 989 162 sant. Dont sest mis aune

641 3304 983 156 part entre lui 7 Elygius.

641 3402 1035 173 7 se sont mis hors delestour

641 3506 972 167 Et osterent .i. poi leur hy

653 3604 1023 168 aumes pour eulz refroidier

647 3708 960 168 puis restrainstrent leur

647 3806 983 168 cheuaus et ont leur plai

641 3910 995 162 es bendees. Et adont leur

641 4009 989 167 sembla que ml't bien leur

641 4112 983 174 estoit. Compains ce dist

641 4228 1006 156 Myrrus. Or uaut miex a

647 4326 966 174 nous 7 pis a eulz. Or ueul

647 4442 960 162 ie que uous me suiuez la

647 4546 977 167 ou ie uoudrai aler. Amis

647 4655 954 168 dist il alez deuant et ie

664 4754 966 179 uous suiura. adont sest

653 4875 960 168 mis es cheuaus 7 sont re

647 4985 995 167 uerti uers labataille. Et

659 5106 942 144 quant il furent la uenu

647 5204 966 162 si esgarda Mirus le gnͣt

653 5302 1000 174 trayu que cil fesoient des

664 5430 949 156 leur. si sest adreciez celle

659 5534 988 300 part ou il les uit chapler

659 5626 988 214 Et uit Pelyarmenus qui

1861 444 972 220 auoit occis .i. frison. Dont

1850 612 965 156 en poi deure se part agnͣt do

1855 710 954 144 mage. Car Mirrus leferi

1850 808 971 145 de si gnͣt air. que uousist ou

1850 906 971 156 non Pelyarmenus le trebu

1861 1022 931 150 cha Myrrus a terre de son

1855 1132 954 150 cheual. en tele maniere q̃

1838 1230 966 144 il ne sot se il fu ou nuit ou

1838 1334 948 139 iour. Dont feri Elygius

1844 1426 954 168 .i. autre en tel maniere q̃

1832 1548 960 156 onques puis not pooir de

1838 1657 943 145 eulz uiure. Empres ont

1838 1738 954 168 recouure seur pelyarmenꝰ

1838 1848 954 162 qui redreciez estoit en tele

1832 1946 1012 168 guise que ml't eust este cour

1832 2056 960 156 te sa uie. se il neust este se

1838 2154 1006 156 courus des siens. ml't esfor

1827 2252 1029 156 cieement. La orent li dui

1827 2356 1006 156 compaignon moult asouf

1827 2472 959 150 frir pour ceste enuaye.

1827 2564 1000 174 Car pelyarmenus fu remõ

1827 2680 959 133 tez a cheual 7 uolt son an

1832 2767 960 150 nui uengier. Lors feri sõ

1827 2871 959 150 destrier des esperons et se

1827 2974 965 168 mist en la plus gnͣt presse

1809 3067 972 179 myrrus qui estoit auirõ

1821 3194 977 162 nez de toutes pars feri.

1821 3292 965 150 .i. cop. si desmesure. que

1809 3385 966 167 se ne fussent ceulz qui en

1803 3483 1030 162 tour pelyarmenus estoiẽt

1821 3598 971 156 abatu leust du cheual.la

1821 3685 960 254 furent li dui compaignõ

1821 3789 948 156 ameschief. Car se ie nen

1827 3893 959 167 ueul mentir. la furent il

1827 3980 948 179 touz .ii. des cheuaus mis

1821 4101 960 156 aterre. Et feroient seur

1809 4193 983 162 eulz qui miex miex. si que

1821 4309 954 156 leur mort estoit moult ꝓ

1809 4401 1000 179 chaine. qnͣt il se mistrent

1821 4523 977 167 empres leur escuz ius seur

1803 4627 989 173 leur hyaumes. 7 les espees

1821 4742 954 156 empoigniees et mainte

1821 4846 942 173 nant se sont adosse. et

1821 4962 971 167 ont feru deuant 7 derrie

1821 5054 971 196 re entele maniere que nꝰ

1821 5164 971 190 cheuaus ne les pooit apro

1821 5297 977 167 chier que maintenant ne

1821 5389 960 185 fussent tuit pourfendu. 7

1821 5499 965 289 non pour qnͣt recurent il

1838 5574 1012 277 maint dur cop. Et ne peus

3012 462 971 179 sent auoir dure se ne fust

3012 577 977 173 diex qui secourre les uoult.

3012 670 1012 173 Car il fu dit a helcanus que

3012 756 971 185 il estoient en tel point. On

3018 866 965 173 not mie dite la parole. qnͣt

3012 953 983 202 lui. 7 gnͣt suite degent sont

3018 1068 988 197 uenu cele part la fu pelyar

3012 1178 1006 185 menus enꝯtrez de son frere

3012 1276 954 191 trop aigrement. ꝯme cil

3000 1386 1029 196 qui ne le cougnut mie. Car

3000 1501 966 174 si ꝯme ueritez fu. il le prist

3000 1611 954 173 en tel maniere que du che

3006 1692 995 185 ual le mist a terre. que il grͣ

3000 1808 966 167 de ne sen dormoit. Puis fe

3000 1906 989 179 ri a destre et a senestre desi

3000 2004 1012 191 gnͣt force. que mal de celui

3000 2120 983 161 qui arriere se ne soit trais

2994 2212 983 173 Se ne furent aucun qui ẽ

2994 2327 972 174 tendirent a pelyarmenus

2994 2431 972 162 redrecier. Mais ie croi q̃

2989 2535 983 168 il failli ason cheual.Car

2989 2634 994 167 liurez fu a myrrus. qui ml't

2989 2755 983 144 tost li sailli en sele.pour le

2989 2842 1006 173 sien qui tolus li auoit estoit

2989 2951 971 168 este. Et elygius refu mis

2983 3044 1029 173 el sien.Car il auoit este res

3006 3177 989 156 cous dun grieu. a cui il en

2989 3269 977 162 cousta la uie. Quant cil

2989 3367 965 156 dui furent mis a cheual

2989 3466 983 150 Sachiez que adont yfule

2983 3569 977 249 chaples maintenus. Et

2977 3662 1024 156 se sont esforcie desi gnͣt yre

2989 3766 994 167 esmeu que nul nen ueoiẽt

2983 3870 960 162 quil ne uousissent metre

2989 3957 1000 167 amort. Et quant helcanꝰ

2989 4078 983 156 les uit. si uertueusement

2983 4176 989 168 chapler. Dont sest esuer

3000 4297 972 151 tuez designͣt force.que il

3000 4401 1012 162 nen ueoit nul que il ne uou

2983 4511 965 144 sist metre amort oului

2989 4615 676 185 descheuauchier.

3023 4615 255 497 D

3278 4725 705 156 Elyarmenus quies

3295 4829 682 162 toit si espris de cour

2994 4939 1041 167 rous que il en issoit du sens.

3006 5066 1018 161 uit helcanus son frere que

3000 5170 983 167 il pas ne congnut de tren

2994 5274 983 173 chier 7 occirre sa gent. 7 si

2994 5389 1007 150 sot queillot mis desouche

3012 5493 954 300 ual aterre. Dont pour lui

3006 5597 942 191 uengier point le cheual

4434 329 260 277 174
