5273 6932
1254 433 1024 208 ⁊ feri desesperons . et uint u's

1260 583 983 144 lui touz enragiez. ⁊ le feri de

1254 675 1006 145 toute sa force. Si que uousist

1266 779 1017 156 ou non le couuint cheoir seur

1254 872 1035 162 le col de son destrier. Dont cu

1254 970 989 156 ida recouurer lautre cop. i

1277 1080 972 161 Mais helcanus sest redreciez

1254 1184 1000 167 ⁊ a son cheual tire ⁊ le cop i

1266 1282 971 156 descendi a terre. de tele u'tu

1266 1392 1023 173 que lespee li uola de la maĩ.

1266 1513 988 150 Et qnͣt helcanus uit ce. Si

1271 1617 1018 162 neust lessie pour tout le mõ

1283 1733 995 138 de. que il ne li fust seure cou

1271 1831 1053 150 ru. Lors uint auant lespee

1266 1917 1035 168 du poing ⁊ lescu auant mis

1271 2021 1012 162 Dont sest Pelyarmenus cou

1277 2125 995 162 uers. Mais si bien ne le sot

1283 2224 1041 173 faire que lespee ne soit des

1271 2339 1024 156 cendue parmi lescu ⁊ parmi

1266 2443 1040 162 le hyaume de si gnͣt force que

1266 2547 1006 156 le cercle couuint couper et

1266 2645 1012 162 la coiffe ⁊ le bacin. ⁊ lui me

1266 2755 1000 150 ismes tout encliner. ⁊ trop

1266 2853 1023 145 gnͣt merueille fu que il ne la

1266 2957 1069 168 tout pourfendu a ce cop. Meᷤ

1260 3055 1070 156 les bonnes armeures dont il

1271 3165 995 150 esfoit armez le tenserent. Et

1271 3269 1001 162 il fu cheualier de tres gnͣt

1277 3373 995 150 uertu. Si soustint le coup.

1271 3471 1035 156 Dont cuida helcanus recou

1271 3575 1001 243 urer. Mais il guenchi ⁊ pas

1254 3662 1024 156 sa auant. ⁊ sespee li fu ren

1266 3777 1040 151 due. Et dont sentrepristrẽt

1254 3881 995 151 li dui frere. Car mie ne sen

1266 3974 965 150 tre congnurent. Et se il se

1260 4060 1012 168 fussent congneu ia pire nẽ

1271 4193 989 156 eust este lescremie. Mais

1266 4297 994 151 encore meilleur. Dont cha

1260 4390 1000 167 plerent mlt' longuement

1266 4505 971 162 ensemble. ꝯme cil qui mlt' a

1260 4621 983 150 uoient force ⁊ hardement.

1260 4725 977 162 Mais en la fin en eust pe

1254 4835 1024 173 lyarmenus eu le pieur qnͣt

1266 4956 988 167 le duc de laomedon le secou

1266 5066 965 161 rut. Cilz fu cheualiers de

1248 5181 983 150 gnͣt force si ꝯme il parut

1260 5291 1012 162 le iour aus frisons. En tele

1260 5401 965 144 maniere tindrent lestour

1266 5499 971 283 dune partie ⁊ dautre. Si q̃

1254 5603 1000 208 trop estoit gnͣt merueille

2474 479 989 162 ꝯment il pooient tant sof

2491 600 931 156 frir. Et non pourqnͣt des

2486 710 925 139 griex y ot la plus grant

2480 802 960 145 partie. Dont il deuoient bi

2480 895 965 167 en auoir uictoire seur eulz

2474 1005 989 144 se il eussent raison ne droit

2480 1103 960 156 mais nõ auoient. Car il ui

2480 1224 1000 156 auoit nul deulz qui ne fussẽt

2480 1305 989 173 tout renoie traiteur ⁊ ma

2480 1432 977 145 uuais et plain de gnͣt felõnie

2474 1542 977 156 Que uous iroie ie contant

2480 1646 989 150 ne delaiant tant ont feru

2480 1727 1012 167 ⁊ chaple ensemble que biẽ

2486 1842 983 162 y parut en la fin. Mais a tãt

2480 1952 977 139 me ueul ore souffrir a parler

2480 2033 971 179 deulz pour reuenir a ceulz qͥ

2480 2148 971 156 estoient dedenz la cite. Com

2486 2258 954 150 ment karus se parti de Mir

2480 2356 954 151 rus et sen ala en la cite de

2491 2466 902 191 Nise. Si ꝯme uous orrez.

3041 3731 370 208 R dist li ꝯ

3047 3893 404 167 tes que qnͣt

3052 3997 359 162 karus se

3058 4112 347 156 fu partiz

3041 4205 393 167 de Mirrus

3029 4309 422 167 que il uint

3023 4442 434 144 en la cite de

2480 4534 925 162 Nise. ⁊ fu mlt' ꝯioiz de son

2486 4650 959 156 frere ⁊ de touz. Et li ont de

2474 4754 937 156 mande a qui il auoit cha

2468 4858 966 161 ple. Lors conta ses auen

2474 4973 1000 156 tures en tele maniere que

2468 5083 966 156 ele li estoient auenues. ⁊

2463 5199 994 155 qnͣt il lont entendu si lont

2474 5308 943 145 moult prisie. Et dist asca

2468 5412 949 150 nus. Biaus freres. bien

2474 5510 966 283 uous doi amer. Qnͣt uous

2463 5632 959 179 en tel peril uous estes mis

3625 1328 243 381 Q

3619 519 1000 162 pour lamour de moi. Dont

3619 612 994 167 li demanda de Pelyarmenus

3630 727 931 151 ꝯment il auoit respondu

3636 831 954 139 du mandement que si li auo

3625 918 959 144 it fait. Frere dist il. dedenz

3625 1010 954 151 .uiii. iours ou .x. aurez uoꝰ

3607 1114 977 168 Pelyarmenus de denz ceste

3578 1236 949 179 cite a tout .xxxm. griex.

3862 1322 705 179 uant ascanus loy. Si

3856 1444 728 254 tressailli touz de ioie.

3636 1513 931 202 Dont ne douta riens ainz

3630 1657 954 162 ont fait ioie par toute la

3636 1750 948 162 uille. et ont le secours at

3636 1877 954 139 tendu touz les.uiii. iours.

3636 1958 948 162 Et quant ce uint au nou

3636 2068 977 150 uiesme si esgarderent. et ui

3636 2160 931 162 rent que cil dehors se desse

3636 2276 960 155 urerent. Lors sorent bien

3636 2374 937 150 que il aloient a lencontre

3636 2483 954 151 de Pelyarmenus. Et maĩ

3630 2570 949 168 tenant que il sorent que

3630 2680 966 156 il furent a lui assemble. si

3636 2795 995 151 sont hors issu qui miex mi

3630 2888 949 150 ex. et ont ceulz du siege a

3636 2998 954 144 cueilliz de toutes pars. Si

3619 3090 1046 168 ꝯme cil. qui bien furent .xxxm.

3648 3211 942 162 par nombre. touz aprestez

3636 3310 954 156 de mort receuoir. quant

3630 3402 960 167 plus ne se porroient desfen

3636 3512 948 161 dre. Quant frison uirent

3630 3610 983 162 ce. si lont noncie par tout

3630 3720 972 150 Et furent mlt' tost a lencõ

3630 3818 989 156 tre. Qui dont ueist karus

3636 3910 954 162 ꝯment il se feri es frisons

3636 4009 943 155 tout en autel maniere ꝯ

3636 4118 977 162 me fait lileus entre lesbͤ

3636 4228 972 133 bis ⁊ il est fameilleus. tout

3636 4315 925 179 aussi fait cil. qui mlt' gnͣt

3648 4436 936 173 uertu auoit en soi. Asca

3642 4540 971 173 nus ⁊ li autre. ne se porent

3636 4655 954 168 assazier. Quant frisons

3642 4771 954 156 uirent ce si pristrent cuer

3636 4881 931 162 en eulz. ⁊ les ont recueilliz

3636 4973 960 174 tant fierement que bien

3630 5100 960 162 le pot on ueoir. Car si ꝯme

3630 5204 966 168 ie le truiz lisant en autele

3636 5308 931 168 maniere les recurent que

3630 5435 937 156 gnͣs fu la destruction. ⁊ du

3642 5539 931 295 ne part ⁊ dautre. Heleus

3625 5632 959 225 ⁊ son frere. Nazarus qui la
