5273 6932
780 548 1006 162 re dist Pelyarmenus mlt' es

797 652 989 150 tes de grant enging plains

792 750 1011 156 quant uous de tel chose uous

780 843 989 156 sauez entremetre. Dites i

780 935 1041 168 moi dont uous uenez. ne com

792 1045 1006 156 ment il uous a puis este que

780 1143 1018 162 ie uous en fis partir de cest

792 1253 983 156 pays.Sire dist il ie uous

780 1351 1006 162 puis bien dire que onques

774 1455 1001 168 puis ie ne fui en autre serui

786 1565 994 162 se que el uostre. Et sachiez q̃

774 1681 1024 138 par moi furent mort ⁊ occis

786 1779 983 150 li message qui ci furent en

792 1860 988 179 uoie a uous.fors .ii. qui noꝰ

774 1975 989 145 eschaperent qui furent tel

792 2079 983 150 meue.que par raison ne de

763 2177 1000 150 ussent iamais estre ueu en

763 2281 1000 156 hostel de preudõme. Mais

768 2385 1007 156 li deables les asi gueriz que

763 2495 1000 156 en toute lost helcanus na

768 2599 1041 150 mie maintenant .ii. cheua

768 2697 983 145 liers qui tant facent adou

786 2807 965 144 ter. Mais se engins ⁊ aide

763 2876 1012 168 ne me faut.Ceulz ⁊ autres

768 2980 1001 174 uous cuit ie metre en uostͤ

740 3096 1011 190 main de denz court terme.

977 3200 774 156 uant Pelyarmenus ot

768 3102 209 467 Q

982 3211 758 353 oye la traison.Si li i

768 3402 1024 167 mist les braz au col. ⁊ lidist

763 3517 1029 151 uoirement estes uous mes

757 3616 1029 150 freres et mes amis.Or ueul

757 3725 989 139 ie que uous me dites ꝯmẽt

774 3812 983 156 Ascanus fu occis ⁊ la cite sai

757 3922 1012 144 sie. Sire dist il.ce uous sai ie

763 4020 983 162 bien dire.Car onques ba

768 4130 989 156 taille ne assaut il ni ot q̃

751 4234 1024 150 ie ni aie este present. Dont

751 4338 995 156 li conta entel maniere cõ

751 4453 989 145 me li affaires auoit ale. ꝯ

751 4552 1041 155 me cilz qui mlt' bien lauoit

763 4661 965 168 en retenance. Et qnͣt Pe

768 4794 995 150 lyarmenus la entendu. Si

763 4898 983 145 en ot mlt' gnͣt merueille. ⁊

751 4991 1024 173 plus en redouta ses anemis

757 5129 1006 150 Et uit bien que se il nauo

745 5227 1006 151 it secours dautres que de

774 5326 977 161 ceulz de grece.il ne porroit

751 5430 995 161 auoir duree au loing al'.

740 5551 1006 306 Sire ce dist dyalogus. iai

745 5643 1035 220 pense une chose que se nous

1965 491 1018 207 la poons faire que nous me

1977 658 954 139 trons touz ceulz de la au

1977 750 954 151 dessouz.Quele seroit ele

1977 854 954 128 dist pelyarmenus. Dont

1971 935 1012 145 li dist dyalogus que il estoit

1971 1028 983 167 mlt' priuez de Karus le duc

1977 1155 1000 150 de Nise. Et que par lui estoit

1965 1259 983 138 il la uenus.pour sauoir la

1965 1340 989 161 couuenauce de lui. ⁊ ꝯment

1971 1461 966 150 il ie porroit miex sorpren

1971 1577 1000 144 dre. ⁊dist.uous aurez ap

1977 1675 960 144 pareillie Mil armeures de

1960 1773 1011 156 fer des plus prisiez que uous

1965 1871 966 145 aurez et les faites enbus

1965 1981 949 144 chier en .i. agait. en .i. li

1954 2073 994 156 eu que on apele laomedon.

1965 2177 972 139 Et la endroit ferai ie entẽ

1965 2287 977 150 dant.que ie uous aurai ue

1954 2379 965 162 u descongneu. Et aurai ꝑ

1948 2466 994 173 le en tel maniere que ie uoꝰ

1942 2587 983 145 amẽrai helcanus si seul q̃

1954 2691 977 145 il nesera mie plus delui cen

1948 2790 966 138 tiesme lui. Et se ie le puis

1942 2882 995 156 la amener. Sile porrez pren

1948 2986 966 168 dre. ⁊ faire ent uostre uolen

1942 3090 972 162 te.ꝯme de celui qui naura

1942 3206 815 132 pooir delui desfendre.

1977 3211 191 451 Q

2168 3298 746 156 uant Pelyarmenus

2173 3390 746 266 oy ce.Si pensa que qͥ

1954 3506 971 150 ainsi le porroit faire. que il

1942 3610 914 150 auroit mlt' bien esploitie.

1942 3702 966 151 Dont lidist frere. Ie ferai

1942 3806 972 156 par ton conseil.Car tues

1948 3916 977 150 de mlt' gnͣt enging. Dont õt

1936 4014 943 156 ceste chose entele maniere

1925 4112 971 168 porueue. Et ne satargent

1936 4216 989 174 mie quil ne sappareillassẽt

1936 4332 943 150 Meismes pelyarmenus yfu

1948 4430 948 156 qui auoit passe touz ceulz qͥ

1936 4540 960 162 adont uiuoient de fol har

1931 4638 971 173 dement. Dont ne finerent

1925 4759 1006 162 par leur iournees.si uindrẽt

1925 4858 994 161 el pays.et se mistrent en .i.

1936 4979 972 168 chastel qui estoit assez pres

1960 5083 277 399 delost.

1896 5106 243 330 D

2156 5141 746 231 yalogus sest partiz

2150 5308 729 162 deulz tout en autel

1925 5424 965 254 maniere ꝯme il estoit par

1890 5522 1018 162 tiz de Karus. Il ne fina.si

1942 5626 954 219 uint deuaut laomedon.

3145 531 1029 150 et trouua que clerus sestoit

3151 623 1006 151 mis hors du chastel ⁊ yauoit

3145 722 1012 150 eu gnͣt hustin a ceulz delost.

3151 808 1006 168 Li dus meismes ifu naurez

3145 906 983 162 et auoit liafaires en tele

3145 1010 977 179 maniere ale. que il auoit

3145 1120 960 173 pris iour de iouste a clerus

3145 1224 983 168 qui recreant ⁊ traiteur la

3145 1328 994 162 uoit apelle. Dyalogus uint

3139 1426 1000 179 deuaut lui entele maniere

3139 1548 1000 156 que len le remuoit desa pla

3145 1652 971 156 ie. Et le salua mlt' deuote

3145 1750 971 162 ient. Li dux le cougnut

3145 1842 965 168 ainssi ꝯme il sestoit delui

3139 1946 983 156 partiz. Dont lifist bien uei

3145 2050 965 168 gnant ⁊ signe que il salast

3145 2160 954 133 metre en acre point ⁊ ue

3162 2247 960 208 nist parler alui.et il sifist.

3122 2172 295 560 A

3382 2362 746 150 Dout fu li dus appare

3399 2455 700 161 illiez. sise sont mis

3093 2559 1012 161 dune part. Et li enquist li

3133 2680 983 150 dus de pelyarmenus.Sire

3145 2790 965 132 dist il iai mlt' bien cerchie

3122 2853 1006 179 en pluseurs liex.Et sachiez

3139 2980 1023 162 que pelyarmenus ne doute

3133 3102 1012 127 hõme quile puisse uaincre

3116 3182 983 168 fors Helcanus. Et de lui

3116 3298 1023 150 se gaite il.Car ia enbata

3133 3408 1000 138 ille ou il soit nese metra.

3122 3494 1058 162 Comment dist li dux sez tu

3133 3616 983 133 ce. En nondieu dist il. ie le

3122 3691 1029 167 uous dirai. lai .i. mien fre

3122 3801 983 161 re qui mlt' est priuez delui.

3104 3905 1001 150 Et tant ai fait que iai ꝑ

3104 4003 1035 161 le alui.et me dist quil aueu

3116 4107 1041 167 en ses sors ꝯme celui qui plꝰ

3110 4216 1006 151 en set que tout le monde. q̃

3104 4315 1029 161 taut ꝯme il sera en bataille

3104 4424 995 168 ou Helcamus soit.que il ia

3099 4534 994 156 neperdra laterre. Ainz en

3099 4632 994 179 laisse couuenir ses hõmes.

3099 4742 988 168 et ne sen mesle si ꝯme iai

3116 4858 983 167 ueu.Et ie sai bien dist dy

3093 4979 1000 156 alogus.si sest descongneuz

3099 5089 1029 161 et nest maintenant de nu

3099 5210 994 156 lui congneus que de ceulz

3133 5308 931 145 qui olui sont. et ne fait

3116 5412 971 428 fors aler en bois ⁊ en riuie

3307 5424 185 473 res

3087 5395 272 710 Q

3376 5614 723 203 uant li dus lentendi

4492 311 301 301 178
