5273 6932
1162 2235 231 260 Q

1214 606 994 156 quant cilz entendi la damoisele

1196 716 1035 150 bien cuida que ele le deist a certes

1191 814 1011 144 Et mua une tres grant coleur

1196 912 989 145 ⁊ fu touz esbahiz ⁊ ne soit que

1191 993 1006 162 respondre. ⁊ fu aussi ꝯme touz

1196 1103 1001 150 mus. Quant cele uit ce si se

1191 1201 988 162 hasta ⁊ dist. ꝯment lerres des

1208 1311 954 156 loiaus. Serez uous tiex que

1214 1421 977 156 uous me refuserez. tant ꝯme

1196 1519 972 156 ie uous ueulle. Damoisele

1214 1629 977 155 dist il pour dieu merci. bien

1196 1733 989 161 auriez pouoir de moi detenir

1191 1819 1006 168 se uous uouliez. Car ie sui toꝰ

1202 1946 995 139 seulz et uous auez autre en uo

1185 2039 965 156 stre aide.

1393 2143 780 161 uant la damoisele uit

1428 2143 751 260 ce. si fu mlt' courouciee

1173 2339 1052 162 et mua tres grant couleur dõt

1179 2449 1000 150 ele ne fu pas mains bele. Et li

1185 2553 1006 156 dist. Ha: desloiaus sodomites

1173 2663 1006 150 mlt' mauez ore bien paiee. Ie

1173 2767 983 155 aie mal dehez. se ie ne le uous

1167 2871 983 161 rens. Quant cil oy ce si res

1156 2969 989 144 pondi. selonc sa uolente. Da

1173 3073 989 144 moisele. se uous eussiez enten

1173 3177 1018 144 due ma parole. Ia ainssi ne me

1162 3269 988 156 ussiez respondu. Dont mẽ di

1167 3379 1001 150 tes dist ele la senefiance. Da

1156 3477 1000 139 moisele dist il uolentiers. e

1144 3569 1006 156 Quant ie diz que iestoie. li

1139 3662 1023 173 seulz hom. Ie diz uerite. Et uoꝰ

1139 3789 1006 144 dirai ꝯment. Li hom qui se

1139 3887 1006 150 ulz est. Cest a dire qui na a

1133 3985 1035 156 ide ne ꝯfort dautrui que de lui

1139 4095 994 156 meismes. Sachiez que cest i

1133 4199 1012 156 mlt' poi a une tele damoisele

1144 4315 995 248 ꝯme uous estes. qui seule ne

1133 4407 1058 150 stes mie. si ꝯme iai deuant dit.

1133 4500 1006 161 Car uous auez en uous pluse

1144 4621 995 156 urs graces qui mlt' porroient

1133 4719 1012 168 ꝯtrester a .i. tel hõme ꝯme ie

1133 4823 1012 168 sui. A ce que du tout en porriez

1127 4927 1006 173 faire uostre uolente. se ainssi

1127 5054 1000 145 estoit que il uous pleust ⁊ bn'

1127 5170 1000 156 le uous diroie. se uous le uou

1104 5274 1064 161 liez ⁊ il uous plesoit que ie le uoꝰ

1127 5401 1018 150 deisse. Quant ele entendi ce

1115 5499 1030 156 si ꝯmenca a souzrire ⁊ dist. or

1139 5603 982 294 mauez uous paiee a ma uolen

1127 5707 989 196 te. Et bien sai que uous uou

2422 1074 191 289 Q

2405 612 965 162 lez dire. Dont dist ele quil

2416 722 954 150 se partist de la. Et quant il li

2416 826 954 144 plairoit ele li manderoit sa

2434 930 323 144 uolente.

2613 924 752 237 uant li hermites sen fu

2619 1109 751 161 partiz. Li deables qui

2399 1189 1018 191 ot gnͣt pooir ⁊ en lun ⁊ en lau

2422 1328 931 150 tre. et qui mlt' gnͣt paine

2399 1426 971 139 y mist. Si ꝯme cilz qui bien y

2405 1525 965 156 moustra sa force. mist la pu

2399 1629 942 144 cele a ce quele couuoita le

2393 1715 983 162 laz dermite. et li chaitiz li ẽ

2387 1831 972 150 autele maniere que lun et

2405 1935 971 156 lautre se rendi a lui du tout.

2387 2039 983 144 En tele maniere quil leur es

2393 2143 1000 150 tabli .i. lieu tel par quoi il ne

2387 2241 995 150 peussent estre aperceuz de nu

2393 2339 972 162 lui. Et il peussent tant uiure

2376 2449 983 150 souffisaumẽt en autel aage

2399 2559 977 156 ꝯme il estoient a cel temps da

2376 2657 942 150 donc. desci atant que uns

2382 2767 965 150 hom uendroit qui toutes fã

2376 2871 960 144 tosmes destruiroit ⁊ metroit

2376 2969 960 144 a fin. et seroit li droiz mis a

2370 3061 948 168 uant par celui. et metroit

2364 3159 948 156 felonnie entre piez. Dont

2364 3275 972 139 fist li deables ceste cisterne a

2370 3379 931 133 inssi ꝯme uous la ueez. Et

2370 3477 954 144 est faite en tele maniere que

2364 3587 989 138 tout autel y fait il de nuiz ꝯme

2364 3685 954 127 de iours. et ne puet estre a

2364 3777 948 156 peticiee de chose qui y soit de

2364 3887 995 156 ci au iour que ie uous ai dit

2353 3985 936 162 Et qnͣt cil lot appareilliee

2364 4101 960 133 ainssi ꝯme uous oiez. Si as

2341 4193 960 156 sembla ces .ii. en tele mani

2353 4320 954 139 ere. que onques puis ne fu

2353 4413 965 144 nulz qui seust que il deuind

2347 4494 977 167 drent autremeut que bien

2341 4609 954 162 sot li soudans q̃ cil li ot sa

2335 4719 960 150 fille emblee ⁊ rauie. Dont

2347 4829 954 156 la fist par tout cerchier ⁊

2335 4927 989 179 querre. sanz ce que nule nou

2330 5048 994 145 uele en peust on sauoir. Dõt

2330 5158 994 168 il est ainssi auenu. que la fil

2330 5274 971 156 e au soudant ⁊ celui sont en

2330 5372 1000 185 core ceenz. ne ia ne faudrõt

2330 5499 1000 144 deci a dont que ie uous ai dit

2318 5597 1000 318 Et ma damoisele atant fait

2318 5701 989 214 par art. dont ele set plus

3544 2137 260 341 Q

3555 606 989 156 que fame qui uiue. que ele a

3555 716 1006 156 ceenz fait uenir. ⁊ son ꝯpain

3544 820 1006 150 gnon lempereour ⁊ son com

3550 901 994 265 paignon. pour ce que elle

3544 1005 1006 156 set bien quil sont quis par

3544 1103 1012 162 toutes terres. Et quant il

3544 1201 1000 144 seront touuez daucuns ele

3544 1311 1040 162 set bien quele ne les porroit

3538 1409 1012 173 tenser. Si la ceenz fet uen'

3544 1525 1006 144 Si nen istra iamais se nest

3544 1617 1029 156 par hõme souffisant ⁊ iuste

3538 1704 1064 167 Et ie croi que uous itiex estes.

3538 1825 1029 162 Si ferez ce que ie uous en sai

3538 1935 1035 150 gnerai. Mais que ma damo

3538 2033 775 162 isele en soit partie.

3740 2143 787 138 uant Clyodorus oy ce

3763 2229 764 133 si loa son sauueour.

3532 2316 1000 173 ⁊ dist. Diex qui sus touz ma

3521 2437 983 150 lignes esperiz auez pouoir

3521 2535 1011 156 ⁊ ꝯmandement gardez moi

3526 2634 995 161 mame ⁊ mon cors par uostͤ

3521 2749 1011 150 pitie ⁊ ueulliez faire que ie

3526 2853 972 145 pouoir et hardement aie

3521 2940 965 156 a ce que ie puisse mon seignͬ

3515 3050 983 144 que ie tant desirre. geter

3521 3159 994 151 hors de peril dame ⁊ de cors.

3515 3246 989 162 Quant il ot ce dit. Si entẽ

3521 3367 959 150 di le cheualier que sa da

3521 3460 942 144 moisele estoit a lentree

3515 3575 983 145 de la cisterne. Et dist a cly

3509 3668 971 150 odorus. se uous uoulez ceẽz

3509 3777 971 145 riens faire. il uous couui

3503 3870 1006 150 ent de ci partir. Sire dist

3509 3991 983 139 il faites de moi uostre uo

3515 4089 1006 156 lente. Li cheualiers le pͥst

3492 4188 988 144 et le mist en une cage ou

3503 4297 1001 139 il ne uit goute. La damo

3492 4384 983 162 isele uint a gnͣt ioie a la

3515 4505 954 156 cisterne a tout gnͣt plen

3492 4609 965 156 te de puceles. ⁊ .ii. cheua

3492 4713 942 156 liers la tenoient li uns

3503 4829 966 156 dune part et li autres d

3492 4927 977 173 dautre. Et ainssi sen uĩt

3503 5054 920 145 en la chambre. ou li em

3486 5152 1006 174 perieres ⁊ daphus estoient

3486 5256 965 168 tout ainssi ꝯme ie uous

3486 5372 1023 162 ai compte. Quant il uirẽt

3492 5482 983 156 la damoisele. si sont sailliz

3486 5603 960 266 en piez. Et ꝯmencierent

3486 5718 960 203 a ioie faire. Li empere
