5273 6932
740 629 1029 156 que entout le monde nauoit

740 722 971 144 son pareil tant estoit preu

757 831 1000 145 dons. Il uint alui ⁊ le trouua

734 918 988 144 tel ꝯme dit li estoit. Dont

740 1010 982 151 le fist prendre ⁊ li dist que il

734 1114 1000 156 le feroit destruire. Seil nesto

734 1201 994 168 it tel ꝯme len disoit ⁊ quil se

728 1317 1023 161 fesoit . Cil se tut. Et il auint

745 1426 1006 162 que cil fist prendre.ui.damo

728 1525 977 156 iseles. qui toutes estoient

728 1629 1041 155 degnͣt biaute plaines.⁊ auec

722 1715 1006 173 ce eles estoient puceles. Il

728 1836 994 151 leur dist atoutes ensemble

728 1935 983 144 se il pooit sauoir queles fe

734 2039 977 138 issent tant queles peussẽt

734 2131 1012 139 cel preudõme metre apechie

734 2229 1012 139 deluxure. Il leur donroit tãt

740 2327 977 151 dusien que iamais poures

734 2437 1006 150 ne seroient. Et eles distrẽt

734 2541 988 162 que leur pooir en feroient

728 2651 977 156 Lors les fist metre en une

745 2761 1047 156 chambre toutes .ui. ⁊ lepreu

740 2871 988 138 dõme auecques eles. Lors

734 2957 960 145 le ꝯmencierent a atraire

734 3055 994 151 dece que eles porent ⁊ de pa

740 3165 965 150 role ⁊ de fait.Cilz apela son

740 3275 965 144 sauueour. et li pria mlt'

740 3373 959 156 doucement ⁊ deuotement

734 3466 983 155 quil le tenist en ferme cou

740 3587 1011 138 rage deschiuer le pechie. Nõ

740 3691 1035 138 mie pour ce que il eust paour

740 3783 1011 139 de la mort corporel. Ancois

740 3881 988 156 cremoit cele qui touziors

734 3991 994 150 puet durer sanz fin. Diex

740 4095 965 139 qui ne uolt pas perdre son

745 4188 1001 156 bõ ami. li dõna force pooir

734 4297 1000 162 et uertu de ꝯtrester ala tẽ

734 4419 994 150 ptacion q̃ celes li uouloiẽt

745 4528 983 139 faire ⁊ faisoient. Et nõpor

734 4627 994 144 qnͣt lenfirent eles de teles

740 4725 988 150 que par nature neust il eu

734 4840 1035 145 pouoir deleschiuer. se neust

740 4939 988 161 este le.s.esperit. Et qnͣt

740 5054 1115 173 eles uirent que apechie eles

740 5158 959 162 ne le porroient metre. Si

740 5262 1046 191 orent entre eles mlt' gnͣt des

734 5383 1006 278 pit. Et distrent ꝯme nous

751 5510 995 405 sõmes chetiues. Qnͣt por

745 5609 1030 329 .i. herite nous sõmes mises

740 5724 988 243 en tel point. par dieu dist

1925 646 971 156 lune ueritez est . Or soit

1925 745 971 144 ainssi que nous li aions a

1925 843 1006 150 mene a ce faire. De quoi noꝰ

1936 941 949 150 serions nous auanciees i

1931 1028 983 161 nient plus que du laissier

1925 1132 1012 156 Certes dist lautre ie ne sai.

1907 1230 960 156 Il ne nous couuient que

1919 1340 954 150 dire que nous en auons

1919 1438 966 150 fait nostre uolente. Par

1925 1559 965 145 foi ce dist lautre cest tout

2133 1686 717 220 inssi sa corderent en

2173 1865 694 145 semble ⁊ huchierent

1867 1877 1012 237 ceulz qui ceste chose atendo

1919 2056 989 156 ient. Et quant il furent ue

1919 2154 966 156 nu eles distrent toutes en

1913 2258 972 145 semble que cilz qui se fesoit

1925 2356 954 168 iustes auoit pechie en eles

1919 2483 1006 128 Dont fu cilz amenez deuant

1907 2564 978 162 le soudant. ⁊ fu accusez si

1919 2686 971 133 ꝯme uous auez oy. Cil qui

1931 2790 965 138 estoit preudons ne se uoult

1913 2876 948 156 ou poi ou nient excuser. a

1919 2963 954 162 inz dist qnͣt on lidemanda

1913 3078 948 156 se ce estoit uoirs que celi i

1913 3171 972 162 fust auenu que il auoit pe

1925 3286 977 151 chie ensame. Quant li so

1919 3396 966 150 udans oy ce. Si ꝯmence a

1919 3494 966 151 faire duel. Et ꝯmanda afa

1931 3604 942 150 ire.i.feu.et onsifist. Et

1925 3691 948 150 qnͣt li preudom uit son iu

1925 3812 983 139 gement.Si ot paour selõc

1919 3887 960 168 la char ⁊ douta lamort. A

1919 3991 983 162 dont fu li anemis aprestez

1919 4101 960 156 qui li dist aussi ꝯme en uoiz

1919 4211 989 161 dangle. Mlt' es folz. quant

1925 4320 977 145 ie tauoie tenu en uertu por

1931 4419 977 150 moi essaucier. et tu ne rescõ

1931 4528 971 156 diz pas si ꝯme tu deusses. Ie

1931 4632 954 151 te ꝯmant que tu tes condis

1925 4742 1012 150 ses a ce que eles soient mises

1925 4829 717 167 alesprueue du fait.

2168 4939 688 161 uant li hermites oy

2156 5048 705 289 ceste uoiz. Sicuida q̃e

1925 5152 983 179 le uenist de dieu. Si dist oiãt

1925 5285 971 168 le soudant. Sire pour quoi

1925 5401 977 156 me uoulez uous destruire sãz

1919 5510 948 139 raison. Ia ne pueent ces

1931 5620 988 318 damoiseles porter tesmoing

1919 5713 977 225 contre moi. fors seulemẽt

1948 5037 214 289 Q

1919 1640 353 468 uerite.

1925 1848 214 254 A

3075 2478 266 352 L

3104 560 995 242 de bouche. Dont entendi

3122 762 959 139 li soudans que cilz se uouloit

3110 843 995 150 desfendre si auant ꝯme il por

3099 935 971 151 roit. ⁊ lui escondire.⁊ il si fist

3099 1034 994 155 entele maniere que celes fu

3116 1155 971 144 rent trouuees en leur tort.

3104 1247 943 150 Et auint que en cel fu qui

3110 1357 977 139 fu fais pour celui ieter que

3110 1455 1018 145 celes yfurent Ietees ⁊ en orẽt

3110 1553 943 156 leur soudees. Il auint de ce

3110 1669 954 150 que li soudanz tint celui en

3110 1773 948 150 grant chierte. ⁊ le couuint

3110 1877 954 139 demourer auec lui uousist

3104 1964 949 161 ou non. Sy ydemoura gnͣt

3099 2068 959 156 temps. Et tant yfu queli

3104 2148 966 185 deables ot part en ses oeuͤs

3110 2276 838 283 si ꝯme ie uous ꝯterai.

3307 2351 786 173 I soudans auoit une fil

3301 2472 769 173 le.si bele que en tout le

3110 2570 989 173 pays nauoit sappareille de

3099 2697 977 150 biaute. ele sot ꝯment celes

3116 2813 1012 144 ne porent metre le preudõme

3110 2911 960 139 apechie deluxure. Et auint

3104 2998 983 150 de ce que la pucele uolt aluiꝑ

3099 3102 1011 138 ler. Et uoult sauoir se il esto

3099 3200 971 144 it tiex ꝯme il se faisoit. un

3104 3298 983 144 iour le fist uenir alui. Et li

3104 3402 954 150 dist. ꝯment biau sire pouez

3116 3517 994 145 uous estre tiex ꝯme ie entẽs

3104 3593 989 173 Damoisele dist il quiex entẽ

3104 3714 977 150 dez uous que ie sui. le entẽs

3110 3818 983 144 dist ele que uous tenez trop

3104 3910 1035 156 en despit dames ⁊ damoiseles

3104 4009 972 155 Et cilz respondi. damoisele.

3099 4124 988 144 sauue soit uostre grace.non

3104 4228 1006 162 fais. Ainz sui dõme ⁊ defam

3104 4332 937 162 me issus.et tant les aĩme

3104 4448 966 132 ꝯme ie doi. sauf le droit de

3122 4540 566 167 mon createur.

3295 4650 775 144 uant ladamoisele oy

3359 4754 734 144 de si ne li souffist mie

3110 4840 1023 179 ainz li dist ainssi ꝯme engnͣt

3116 4973 983 162 conseil.Sachiez que se ie cui

3116 5077 942 156 doie que uous me fussiez de

3110 5181 1012 179 bõne nature.que ie metroie

3122 5314 971 173 mon cuer en uous. et seriez

3099 5430 1017 156 sires de moi.Si que uous por

3110 5545 977 145 riez bien faire autant de uo

3104 5638 972 155 stre preu.ꝯme uous faites

3099 5742 977 231 ou point ou uous estes. Et

3122 4667 214 347 Q

4411 358 289 236 186
