5273 6932
1115 589 1018 202 ensemble que bien fussent il

1115 589 995 294 venuz. Lors ꝯmanda que

1110 843 988 139 il salassent touz desarmer ⁊

1110 930 994 156 appareillier. ⁊ il si firent. Hel

1110 1028 988 156 canus demoura entre les da

1110 1138 983 155 mes ⁊ les damoiseles qui

1110 1224 1046 185 mlt' lesgarderent ⁊ prisierẽt

1115 1357 983 156 la biaute de lui. ⁊ sa ꝯtenan

1121 1473 954 144 ce. Mais lempereriz cong

1110 1565 994 156 nut bien. que cestoit cil qui

1104 1669 965 162 fist destruire les princes de

1104 1779 1029 156 costentinnoble. Lors le fist

1110 1860 983 156 delez li seoir. ⁊ li dist. Or ai

1104 1964 1012 156 ie tant fait que ie vous tiẽ

1104 2073 965 156 Dame dist li damoisiaus

1121 2189 977 138 Si pouez de moi faire vostre

1098 2276 989 138 ꝯmandement. Par mõ chi

1092 2374 983 133 ef dist ele bien auez dit. Et

1086 2455 995 173 ie vous ferai auoir riche pͥ

1098 2582 977 144 son. Puis dist lempereriz:

1092 2680 1001 162 Sire ne me celez pas que voꝰ

1098 2807 1006 144 ne me dites. ou vostre pere

1098 2899 1018 145 est. Certes dame ainz le voꝰ

1098 2998 1029 150 celerai bien. Car ie ne le vi

1104 3102 954 150 plus a de .x. anz. ne ie au

1086 3211 1007 145 tres nouueles nen sai ce

1098 3298 942 179 sachiez certainement.

1300 3396 810 173 vant lempereriz oy

1318 3506 780 185 ce si fu toute esbahi

1092 3604 989 162 e ⁊ dist. Dont me dites en

1086 3697 1012 161 quel lieu il vous laissa ⁊ voꝰ

1086 3812 1024 150 lui. Dont esgarda lempere

1081 3910 1023 145 riz helcanus. Et li chairẽt

1081 4009 1000 155 les iex as .ii. dames. qui e

1081 4112 1023 168 stoient fames ses filz. si fu

1086 4216 1001 151 mlt' esbahiz ⁊ mua mlt' tͤs

1086 4320 1018 162 grant couleur. et abaissa

1098 4442 977 150 sa chiere que il auoit mlt'

1086 4534 989 156 gente. si ne respondi mot

1092 4644 1001 150 a lempereriz. Et quant elle

1086 4731 1018 179 vit quil ne respondroit mie

1092 4869 983 150 si li dist. Sire pour quoi ne

1075 4956 1006 179 me dites vous ce que ie voꝰ

1081 5071 994 191 ai enquis. Dame dist il ie

1075 5199 983 161 pensoie ou ce auoit este. ⁊

1069 5291 1018 167 lors li dist quil lauoit lais

1069 5412 977 162 sie en .i. chastel. que on

1075 5522 1029 387 apeloit le chastel marage.

1086 5626 1001 266 Et cil seoit sus la mer de fri

1075 5718 1000 174 se. Et quel part est ce. Ce

1092 3529 237 237 Q

2295 600 977 162 dist lempereriz. Dame

2306 733 954 139 dist il cest vers la mer de

2295 820 1012 138 frise. A lacostiere dalemai

2301 924 983 156 gne. Et ꝯment dist ele se

2295 1028 1041 161 parti il de vous ⁊ vous de lui.

2301 1132 988 156 Dame dist il. par auen

2289 1224 1000 185 ture. qui la nous mena. q̃

2289 1345 1064 156 cil du chastel auoient guer

2295 1455 1000 150 re a gent qui plus estoient

2295 1548 977 179 que il ne fussent. ⁊ sot mõ

2295 1652 994 167 pere que cil dehors auoiẽt

2289 1756 977 150 tort. ⁊ cil dedenz droit. Si

2306 1871 960 139 cuida aidier les plus foi

2289 1969 1029 139 bles. si ꝯme il fist. ⁊ quant

2289 2068 977 138 la guerre fu mise a chief.

2289 2166 1018 161 Mes peres sacompaigna a

2301 2281 977 127 .i. cheualier du chastel. ⁊

2283 2374 1006 133 avint que la me laissa. Et

2301 2466 994 156 me dist quil reuendroit a

2289 2587 977 139 moi en prochain terme.

2289 2686 1012 144 Mais il ne me tint pas cou

2301 2807 948 231 uent. Car puis que il de

2283 2905 995 139 moi se departi ne fu de moi

2295 2992 977 156 veuz. Or vous ai ie dit ce

2283 3096 532 150 que ie en sai.

2532 3102 734 254 Vant lempereriz oy

2509 3298 734 260 ce. Si ot grant mer

2295 3402 983 162 ueille ⁊ dist. moult bien c̊i

2289 3512 1006 144 que il en aucun lieu soit. ou

2278 3616 1029 150 il ne se veult faire congno

2278 3714 988 156 istre. Et sanz faille bien li

2278 3818 982 127 est sens ⁊ raison failliz. ọ

2283 3916 989 248 qnͣt il en tel point a sa t're

2283 4014 1001 150 laissiee. ⁊ est alez en diuers

2278 4112 965 151 pays. ou il nest amez ne

2272 4222 1029 150 chier tenus si ꝯme il deust

2283 4332 995 144 Et auec tout ce a il son em

2272 4430 994 156 pire perdu. ⁊ cil aussi qui

2283 4540 983 156 auoir deuoient apres lui

2289 4650 989 156 lempire. Se il envers moi

2272 4754 1000 150 ne fait ce que faire doit. Da

2266 4852 1012 162 me dist Helcauus. quel cho

2278 4979 1011 162 se a il a vous a faire. Que

2266 5089 989 138 le chose ce dist ele. Biau

2266 5199 989 144 sire. il fu .i. iour que vous

2266 5297 1000 173 bien sauez. que cil de costẽ

2266 5412 1006 156 tinnoble ⁊ de rõme. firent

2272 5510 1006 174 le mariage de moi ⁊ de lui.

2283 5643 977 283 au viuant de vostre mere.

2283 5742 977 184 dont li droit fu puis cong

2306 3252 220 306 Q

3474 583 983 202 neuz par quoi ie me parti

3480 739 954 156 de lui. ⁊ il de moi. Or est de

3474 826 1006 156 puis auenu. que vostre me

3480 930 960 150 re est trespassee. par quoi

3480 1028 1006 156 il deust estre repairiez a moi

3474 1132 977 150 et me tenist ꝯme sa chiere

3474 1230 977 173 amie si ꝯme ie sui. et fussẽt

3480 1345 948 145 mi enfant plus couuena

3480 1449 1006 145 ble. ce que il me semble que

3480 1548 966 156 il les veulle faire bastars.

3474 1640 960 173 si ne fait pas bien. ne ce q̃

3480 1756 995 144 il doit. Dame dist li damo

3486 1860 948 144 isiaus. il me semble bien

3492 1969 948 133 que la raison soit couue

3486 2062 965 138 nable que vous dites. Mes

3486 2160 948 150 vne chose y a que ie veul

3480 2252 943 139 que vous sachiez. ꝯme il

3474 2339 1012 179 soit ainssi que il si tost ꝯme

3480 2466 960 145 vous vousissiez il ne repai

3469 2559 971 173 re a vous. pour faire vostͤ

3474 2668 966 162 volente. ne sen suit il mie

3474 2790 995 156 que il ni sache aucune bon

3469 2894 994 138 ne raison. par quoi il lait

3469 2986 982 127 fait. Et pour ce ne deussẽt

3457 3078 1006 162 pas vos enfanz auoir sai

3469 3200 948 144 si sa terre. ainssi ꝯme il

3463 3310 965 144 ont fait ⁊ moi meismes

3451 3408 972 144 refuser. A ce gue ie ne doie

3463 3512 971 138 estre plus prochains de lem

3463 3610 936 144 pire que nulz deulz. tout

3451 3691 995 167 fust mes peres ⁊ le leur sãz

3463 3812 971 150 vie. Certes dist la dame

3451 3893 1012 162 bien le congnois. Et ie veil

3469 4014 982 145 bien que vous sachiez que

3451 4107 1000 144 ma volente na mie este de

3445 4211 989 167 le que ie vousisse que mes

3463 4332 988 150 filz en eust ainssi esploitie

3463 4436 936 150 ꝯme il a. Mais puis que

3463 4528 954 168 ainssi est. que vostre pere

3463 4650 971 144 a ainssi de moi esploitie sa

3457 4754 994 150 chiez que vous de ma prisõ

3463 4869 954 150 nistrez de ci adont que ie

3457 4973 931 162 de lui orrai autres nou

3463 5095 948 150 ueles. Car ie le cuide a ce

3445 5181 972 168 mener. que il amoi vendͭͭ

3457 5297 983 161 et fera tant que vous serez

3445 5395 949 162 bon ami. ⁊ vous ⁊ mes en

3451 5516 948 156 fanz. ⁊ tout le mesfait qui

3451 5632 937 254 y aura este bien le ferai a

3457 5742 931 150 mander. Si plainement

3428 6209 1052 283 que bien vous deura souffire.
