5273 6932
844 600 983 202 si dist. Frere faites moi ꝑ

849 762 954 139 ler a celui qui les lectres a

832 854 1006 145 porta. Car au mains lairai

844 953 1000 144 ie sauoir ama suer aucunes

844 1051 931 156 choses. Par dieu dist il ia

832 1155 983 133 ne uous en meslerez. quar

832 1247 966 168 ia ne saura que ie puisse q̃

826 1369 1001 144 uous soiez ci entel point.ne

832 1444 971 173 helcanus aussi. Mais sou

821 1565 971 156 ffrez de ci adont que uous i

821 1669 965 150 orrez autres nouueles. A

826 1773 989 156 dont se tut lapucele ⁊ Iosy

826 1894 972 139 as fist escrire ce que il uolt

821 1987 971 144 Et tout aussi firent li au

815 2085 977 139 tre baron. A dont mande

815 2177 983 162 rent le message. ⁊ li furent

815 2281 977 139 donne mlt' deriches dons. ⁊

815 2379 960 133 tant ot dauoir que mlt'

809 2460 983 174 fu riches.Si li distrent q̃

809 2587 989 151 il feist bien la besoingne.

809 2686 966 144 ⁊ que grans biens len por

809 2784 948 150 roit uenir. Il dist que de

809 2882 948 127 ce estoit il touz proiez. et

803 2974 977 145 se mist ala uoie ⁊ erra tãt

809 3078 1018 168 par ses iournees que il uĩt

792 3194 1000 156 arriere a rõme. Et quant

797 3286 1012 145 il uint aladame quilauoit

786 3396 1006 150 enuoie el message. Silifist

797 3494 966 156 mlt' gnͣt ioie. Dont li don

792 3598 983 162 na cil .uii. paire de lectres.

786 3691 971 162 Et quant ele les tint si es

792 3795 965 167 garda chascune ⁊ sot maĩ

792 3905 959 155 tenant que li emperieres

792 4009 977 138 ⁊ Iosyas ses freres estoient

797 4112 983 156 en grece. Dont ot mlt' gnͣt

786 4211 989 156 ioie de ceste chose. Or estoit

780 4320 983 162 adont Rõme ⁊ le pays si es

780 4436 995 156 meu du mandemẽt que pe

780 4534 971 162 lyarmenus auoit fait a

774 4638 1001 162 son frere.que tout estoiẽt

786 4754 965 144 semons pour aler engre

774 4852 977 167 ce. Fastidorus auoit mã

774 4950 1018 179 de par tout si esforcieem̃t

774 5083 977 156 que tuit li grant prince d

768 5193 995 161 du pays estoient assemble

780 5308 983 168 ⁊ metoient ensemble leur

786 5401 266 491 gent.

1017 5476 717 190 phode qui en gnͣs es

1017 5614 694 278 toit que helcanus

768 5713 1007 184 seust les nouueles deson ꝑe

774 5574 237 312 A

1936 2483 278 561 C

1983 635 1023 162 si sa presta ⁊ uint alui mlt'

2006 768 942 150 amiablemẽt. ⁊ il li fist fe

2000 872 983 144 ste mlt' gnͣt ⁊ ioie de ce que

2012 970 959 127 il pot. Sire dist ele mout

2023 1057 943 150 uous deuez esleeschier. qrͣ

1988 1161 954 271 ie uous aport nouueles qͥ

2000 1161 954 271 mlt' uous doiuent plaire.

1988 1380 972 133 Par foi dist il mlt' aroie bi

1988 1484 931 127 en mestier de nouueles

1988 1565 943 168 qui bõnes me fussent. A

1994 1698 983 150 dont li mist la lectre lempe

1983 1790 971 145 reour enlamaim. Et qnͣt

1994 1906 948 127 il latint.si esgarda la cire

1983 1987 942 150 ⁊ ot tel ioie que il ne pot

1988 2091 949 144 mot dire. ainz ꝯmenca a

1977 2189 948 144 souspirer.puis brisa la ci

1977 2281 983 162 re ⁊ trouua quil yauoit es

1977 2379 301 185 cript.

2202 2449 781 208 assydorus emperieres

2237 2582 688 156 de costentinnoble. a

1948 2657 989 190 son chier filz helcanus da

1954 2795 983 162 moisel de la deuant dite ci

1965 2899 1006 139 te. Salus ⁊ amour depere.

1965 2992 966 138 Chier filz. ie sui mlt' liez de

1971 3084 966 156 ce que iai entendu que uoꝰ

1960 3194 988 144 estes sains ⁊ haitiez pour la

1960 3298 954 150 quel chose. Ie uous fais a

1954 3408 936 150 sauoir ꝯment que iaie

1954 3517 948 162 esploitie de uous. ie sui ⁊

1954 3633 948 144 sains ⁊ haitiez ⁊ poissanz

1948 3725 994 133 et uolentif de sormonter

1948 3818 966 144 touz mes anemis. Et uoꝰ

1942 3922 983 156 pri que uous soiez ẽpais qrͣ

1948 4026 966 144 ie cuit quẽ prochain tẽps

1948 4118 966 156 tout cil qui contre moi. et

1948 4234 960 156 ꝯtre uous ont este uende

1942 4332 966 156 ront tart au repentir.Si

1960 4442 942 150 uous fais asauoir laide qͥ

1942 4552 972 138 puis nous est crute q̃ uous

1954 4650 977 150 partistes du siege de deuãt

1942 4754 948 161 laomedon. Ueritez est q̃

1931 4869 977 162 Iosyas lefilz au roy despai

1948 4979 931 168 gne. uint le cinquiesme

1936 5095 978 144 iour de luing deuant lao

1948 5204 942 162 medon. ⁊ auoieut nostre

1942 5320 989 150 gent cel iour meismes ba

1925 5412 971 156 taille a peliarmenus et

1931 5510 959 151 au roy darragon ⁊ aleur

1931 5620 936 283 gent. Et auint que no

1931 5724 977 220 stre gent eussent este des

3174 646 1017 162 cofit.se ne fust Iosyas qui

3174 762 1000 133 a ce iour les secorut olui

3174 860 1023 150 .xm. feruestus. Apres le mo

3168 953 1018 150 is de septembre. nostre gẽt

3168 1051 1006 150 orent baille aleur aduer

3162 1166 1006 151 se partie. ⁊ eussent este no

3162 1265 989 156 stre gent mise amort.ne

3162 1374 954 162 fust mes chiers amis Ro

3162 1478 971 156 bers contes de flandres. ⁊

3156 1582 995 162 ie meismes ⁊ daphus mes

3168 1704 977 144 bons compains les secoru

3156 1790 1030 156 mes o nous .xxm. feruestus

3162 1912 995 132 Et est ainssi que nous auõ

3162 2004 1000 144 saisi laomedon. ⁊ tenons c

3162 2108 1012 144 clerus par deu's nous. Ap's

3162 2212 966 139 nous auons aucuns de la

3162 2310 948 133 terre de ceulz en nostre ꝑ

3156 2403 1053 161 tie.Et nous uient li secors

3168 2518 989 133 de galylee de quoi nous cu

3151 2599 1017 162 idons auoir prochainem̃t

3156 2697 1024 174 de nostre partie .iiiim. hõmes

3156 2824 960 150 qui mlt' se porront fier en

3162 2917 943 138 eulz dauoir bataille con

3151 3015 948 133 tre .C. mille qui la feront

3156 3125 544 127 deleur cort.

3417 3188 676 179 inssi fu li sens de la

3434 3315 699 162 lectre que li emperi

3099 3344 1063 254 eres enuoia ason chier filz

3145 3552 977 145 Helcanus. Et quant il ot

3139 3645 1012 150 ce leu si dist. Dame uoire

3145 3754 994 151 ment doi ie estre ioianz de

3145 3858 983 145 ces nouueles. Et mlt' est

3133 3933 1006 174 grans li seruises que uous

3139 4055 1000 138 mauez fais. Sire dist ele

3139 4147 1006 168 ueez en ci en core .u. paire.

3133 4245 1000 179 qui a uous uiennent. Dõt

3127 4349 978 174 les prist ⁊ les lut. ⁊ y trou

3133 4471 989 156 ua mlt' damours. ⁊ de dou

3133 4557 972 174 ceurs.que li un ⁊ li autre

3133 4667 977 173 li mandoient. Et quant

3127 4783 1018 161 il ot tout leu. Siesgarda

3127 4887 989 167 la dame. qui mlt' piteuse

3127 5002 1001 168 ment se seoit delez lui. Et

3127 5106 1030 179 lors li dist. Madame uoire

3127 5210 995 168 ment pert il bien qui est

3122 5320 971 179 amis aubesoing. uostre

3127 5430 1041 156 frere iosyas ne ma pas mis

3122 5545 977 150 en oubli.Sire dist ele sa

3122 5649 959 289 chiez que ie mlt' liee sui

3122 5753 1000 243 de ce quil est en uostre aide.

3162 3310 295 277 A

4556 404 237 248 204
